2969 4832
1517 335 1945 403 ...52⁶-

673 496 885 592 μαχός
927 529 1089 595 φησι
1142 505 1254 573 διὰ
1314 499 1389 573 τὸ
1446 502 1587 592 ἅμα
1638 509 1788 586 ταῖς
1854 505 2042 591 δρυσὶ
2100 509 2461 593 γεννᾶσθαι
2496 495 2588 594 ’ἢ
2639 496 2804 572 ἐπεὶ

680 611 984 677 δοκοῦσιν
1014 603 1152 703 ἅμα
1182 614 1330 691 ταῖς
1360 609 1554 698 δρυσὶ
1584 607 2023 699 φθείρεσθαι,
2067 606 2315 698 νύμφαι
2344 603 2807 695 Ἁμαδρυάδες

677 711 994 801 λέγονται.
1058 719 1275 798 Atque
1323 719 1460 780 tum
1510 713 1809 797 sequitur
1853 716 2143 778 narratio
2191 735 2226 780 e
2258 713 2559 780 Charone
2603 713 2804 778 Lam-

676 838 959 900 psaceno
991 816 1243 897 hausta,
1276 837 1409 899 qua
1452 815 1742 883 refertur
1771 816 2105 882 Rhoecum
2151 815 2453 882 arborem
2500 816 2804 900 aliquam

674 919 1073 985 fulciendam
1129 941 1426 999 curasse,
1495 913 1536 1010 ἦ
1594 917 1669 985 δὲ
1729 917 2057 1003 μέλλουσα
2111 917 2658 1007 συμφθείρεσθαι
2706 923 2801 1009 τῇ

677 1022 822 1110 δρυὶ
864 1020 1080 1111 νύμφη
1127 1020 1469 1089 ἐπιστᾶσα
1498 1027 1595 1110 τῷ
1622 1016 1846 1109 Ῥοίκῳ
1877 1020 2060 1109 χάριν
2088 1021 2210 1107 μὲν
2241 1018 2519 1113 ἔφασκεν
2550 1019 2798 1089 εἰδέναι

673 1121 841 1211 ὑπὲρ
883 1131 1004 1217 τῆς
1047 1122 1396 1214 σωτηρίας,
1464 1123 1830 1212 ἐπέτρεπεν
1875 1124 1949 1191 δὲ
2004 1122 2422 1216 αἰτήσασθαι
2479 1121 2587 1193 ὅτι
2640 1123 2803 1210 βού-

676 1230 854 1296 λοιτο
883 1230 1016 1296 κτλ.
1063 1228 1175 1295 καὶ
1206 1225 1541 1318 Πίνδαρος
1585 1227 1659 1295 δέ
1688 1251 1856 1316 φησι
1901 1227 2055 1314 περὶ
2100 1233 2364 1317 νυμφῶν
2407 1227 2804 1316 ποιούμενος

672 1325 785 1399 τὸν
827 1330 1014 1420 λόγον
1056 1328 1474 1419 ,,ἶσοδένδρου
1505 1330 1752 1416 τέκμαρ
1784 1328 2015 1411 αἰῶνος
2045 1332 2424 1414 λαχοῦσαι“.
2504 1333 2587 1402 cf.
2622 1333 2797 1401 Serv.

676 1436 763 1501 ad
814 1437 1005 1520 Verg.
1050 1441 1207 1502 Aen.
1252 1435 1304 1501 Ι.
1354 1443 1505 1504 500:
1553 1457 1713 1520 quae
1759 1457 1901 1500 cum
1944 1437 2122 1500 silvis
2167 1445 2547 1516 nascuntur,
2594 1440 2797 1501 Ama-

678 1542 968 1624 dryadeS,
991 1542 1069 1606 X.
1101 1547 1206 1608 18:
1238 1543 1405 1605 unde
1431 1549 1491 1605 et
1515 1546 1680 1604 Deae
1705 1541 2007 1604 arborum
2031 1561 2175 1604 cum
2207 1541 2544 1605 arboribus
2573 1544 2801 1604 vivunt

680 1652 739 1707 et
783 1664 924 1707 cum
971 1644 1308 1708 arboribus
1352 1646 1659 1709 dicuntur
1702 1646 1884 1724 mori,
1931 1648 2228 1727 quocirca
2258 1653 2319 1709 et
2352 1638 2801 1733 Ἀμαδρυάδες

678 1755 825 1810 sunt
881 1748 1247 1830 appellatae.
1348 1748 1531 1812 Alios
1588 1746 1766 1812 locos
1823 1747 2113 1839 iuvenies
2164 1746 2344 1832 apud
2396 1747 2791 1813 Roscherum

680 1870 730 1916 s,
776 1871 832 1914 v,
880 1849 1410 1934 Hamadryaden‚
1477 1849 1593 1914 ubi
1642 1849 1724 1916 de
1786 1855 1927 1916 tota
1978 1850 2106 1915 hac
2164 1852 2611 1916 controversia
2663 1853 2797 1935 agit

678 1951 968 2021 Stollius.
1045 1953 1517 2019 Callimachum
1547 1958 1767 2019 autem
1799 1958 1998 2020 etiam
2042 1956 2109 2019 in
2153 1953 2346 2035 libro,
2393 1975 2592 2038 quem
2637 1953 2792 2040 περὶ

677 2059 942 2144 νυμφῶν
985 2056 1270 2140 scripsit,
1318 2056 1527 2122 fusius
1572 2056 1654 2123 de
1699 2058 1825 2122 hac
1871 2080 1942 2124 re
1988 2056 2375 2124 disseruisse
2423 2059 2798 2142 suspicatus

680 2166 781 2224 est
823 2158 1183 2227 Kaibelius.
1273 2159 1353 2225 cf.
1399 2183 1464 2244 p.
1518 2169 1600 2230 ⁷.-

1610 2350 1683 2415 V.
1736 2356 1877 2419 133.

1383 2464 1575 2537 Ἐπεὶ
1617 2468 1803 2560 ,activa
1847 2468 2010 2549 Ζεὺς
2052 2468 2202 2559 τόγε
2244 2470 2628 2560 θυγατέρων

940 2574 1142 2642 δῶκεν
1181 2567 1538 2663 Ἀθαναίᾳ,
1584 2572 1893 2661 πατρώια
1936 2571 2158 2640 πάντα
2202 2573 2553 2664 φέρεσθαι.

855 2676 1036 2743 Haec
1082 2677 1242 2743 Call.
1287 2678 1552 2762 scripsit
1596 2699 1845 2744 memor
1889 2679 2182 2745 locorum
2229 2681 2459 2763 quales
2506 2706 2565 2745 π
2610 2690 2740 2749 264

814 2776 1044 2847 ἐσθλώ
1086 2804 1189 2846 τοι
1235 2778 1444 2847 τούτω
1491 2776 1555 2868 γ’
1603 2778 2009 2868 ἐπαμύντορε
2052 2774 2201 2862 τοὺς
2246 2777 2641 2869 αγορεύειςῑ)

819 2881 946 2972 ν’ψι
994 2907 1124 2970 περ
1168 2908 1237 2949 εν
1280 2883 1584 2972 νεφέεσσι
1631 2882 2006 2973 καθημένω,
2050 2881 2218 2952 ὥστε
2261 2887 2371 2952 καὶ
2417 2880 2643 2967 άλλοις

814 2978 1093 3076 άνδρασί
1133 3010 1207 3052 τε
1249 2987 1597 3077 κρατέουσι
1645 2987 1755 3055 καὶ
1799 2983 2198 3055 ἀθανάτοισι
2241 2993 2505 3056 θεοῖσιν

688 3096 754 3156 et
795 3091 1186 3176 praesertim
1232 3094 1291 3156 E
1332 3098 1453 3158 '736
1501 3122 1588 3149 --
1639 3096 1697 3158 Θ
1743 3099 1867 3161 387

814 3189 858 3282 ἦ
889 3192 978 3260 .δὲ
1024 3195 1368 3276 (Minerva)
1415 3188 1635 3277 χιτῶν’
1685 3192 1929 3261 ἐνδῦσα
1974 3189 2146 3275 Διὸς
2189 3194 2685 3284 νεφεληγερέταο

816 3293 1103 3380 τεύχεσιν
1146 3295 1213 3376 ἐς
1258 3297 1546 3383 πόλεμον
1589 3297 1981 3390 θωρήσσετο
2028 3296 2424 3386 δακρυόεντα

815 3396 994 3490 άμφὶ
1039 3393 1098 3466 δ’
1144 3393 1245 3489 ἄρ’
1294 3395 1594 3526 ὤμοισιν
1612 3396 1831 3486 βάλετ’
1879 3396 2107 3489 αἰγίδα
2145 3399 2606 3468 θυσανόεσσαν
2647 3403 2782 3469 κτλ.

689 3509 904 3590 Atque
990 3504 1273 3570 fortasse
1346 3505 1413 3569 in
1491 3501 1714 3572 πάντα
1790 3505 2188 3588 singularem
2267 3506 2596 3590 quandam
2671 3508 2802 3571 vim

687 3609 910 3694 posuit
955 3607 1113 3674 Call.
1204 3608 1463 3673 Etenim
1512 3609 1581 3674 in
1624 3609 1770 3675 loco
1816 3609 1931 3673 illo
1977 3608 2132 3674 libri
2178 3612 2238 3675 E
2276 3602 2534 3696 απορία
2579 3609 2804 3700 ahqua

687 3713 929 3793 inerat,
981 3711 1051 3777 id
1112 3711 1291 3796 quod
1346 3710 1659 3777 discimus
1705 3734 1739 3777 e
1787 3711 1986 3777 schol.
2032 3714 2087 3776 A
2134 3733 2190 3777 a.
2237 3713 2299 3777 h.
2347 3713 2416 3780 1.:
2485 3703 2668 3794 Διὸς
2698 3737 2803 3779 νε·-

691 3813 1163 3905 φεληγερέταο·
1194 3811 1271 3882 τὸ
1340 3808 1723 3905 ἡμιστίχιον
1776 3808 1819 3906 ἢ
1872 3817 2012 3894 τοῖς
2078 3813 2303 3882 ἐπάνω
2354 3807 2395 3907 ἢ
2453 3820 2591 3896 τοῖς
2657 3812 2806 3908 εξῆς

697 3916 1121 4007 προσδοτέον.
1169 3943 1282 3984 εαν
1319 3917 1439 4002 μέν
1469 3908 1579 3985 οἷν
1607 3916 1804 3998 τοῖς’
1772 3916 2015 3999 επάνω,
2059 3915 2256 4004 μόνος
2288 3913 2323 3986 ὁ
2353 3914 2645 4007 θῶραξ’
2617 3916 2806 3985 ε’σται

837 4148 883 4213 ¹)
921 4143 1131 4215 (Iovem
1168 4147 1226 4197 et
1259 4142 1609 4212 Minervam.)
