<?xml version="1.0" encoding="UTF-8"?>
<!DOCTYPE html PUBLIC "-//W3C//DTD XHTML 1.0 Transitional//EN"
    "http://www.w3.org/TR/xhtml1/DTD/xhtml1-transitional.dtd">
<html xmlns="http://www.w3.org/1999/xhtml" xml:lang="en" lang="en">
 <head>
  <title>
</title>
<meta http-equiv="Content-Type" content="text/html;charset=utf-8" />
  <meta name='ocr-system' content='tesseract 3.04.00' />
  <meta name='ocr-capabilities' content='ocr_page ocr_carea ocr_par ocr_line ocrx_word'/>
</head>
<body>
  <div class='ocr_page' id='page_1' title='image "./decallimachohom00iangoog_0012.png"; bbox 0 0 2969 4832; ppageno 0'>
   <div class='ocr_carea' id='block_1_1' title="bbox 1515 304 1922 365">
    <p class='ocr_par' dir='ltr' id='par_1_1' title="bbox 1515 304 1922 365">
     <span class='ocr_line' id='line_1_1' title="bbox 1515 304 1922 365; baseline -0.01 -19"><span class='ocrx_word' id='word_1_1' title='bbox 1515 304 1922 365; x_wconf 64' lang='lat'>...10-</span> 
     </span>
    </p>
   </div>
   <div class='ocr_carea' id='block_1_2' title="bbox 664 466 2792 3755">
    <p class='ocr_par' dir='ltr' id='par_1_2' title="bbox 664 466 2792 3755">
     <span class='ocr_line' id='line_1_2' title="bbox 667 466 2777 554; baseline 0 -19"><span class='ocrx_word' id='word_1_2' title='bbox 667 490 748 535; x_wconf 85' lang='lat' dir='ltr'>ex</span> <span class='ocrx_word' id='word_1_3' title='bbox 793 469 1076 534; x_wconf 85' lang='lat' dir='ltr'>Homero</span> <span class='ocrx_word' id='word_1_4' title='bbox 1124 472 1302 534; x_wconf 91' lang='lat' dir='ltr'>certe</span> <span class='ocrx_word' id='word_1_5' title='bbox 1346 466 1641 550; x_wconf 80' lang='lat' dir='ltr'>intellegi</span> <span class='ocrx_word' id='word_1_6' title='bbox 1687 469 1942 552; x_wconf 79' lang='lat' dir='ltr'>nequit3</span> <span class='ocrx_word' id='word_1_7' title='bbox 2012 472 2246 536; x_wconf 82' lang='lat' dir='ltr'>etenim</span> <span class='ocrx_word' id='word_1_8' title='bbox 2302 475 2522 553; x_wconf 90' lang='lat' dir='ltr'>potest</span> <span class='ocrx_word' id='word_1_9' title='bbox 2576 471 2777 554; x_wconf 82' lang='lat' dir='ltr'>signi-</span> 
     </span>
     <span class='ocr_line' id='line_1_3' title="bbox 667 570 2776 656; baseline 0.001 -20"><span class='ocrx_word' id='word_1_10' title='bbox 667 572 863 637; x_wconf 88' lang='lat' dir='ltr'>ficare</span> <span class='ocrx_word' id='word_1_11' title='bbox 909 592 1217 637; x_wconf 88' lang='lat' dir='ltr'>coronam</span> <span class='ocrx_word' id='word_1_12' title='bbox 1264 576 1381 636; x_wconf 89' lang='lat' dir='ltr'>aut</span> <span class='ocrx_word' id='word_1_13' title='bbox 1427 570 1774 653; x_wconf 75' lang='lat' dir='ltr'>densam,</span> <span class='ocrx_word' id='word_1_14' title='bbox 1830 577 1948 637; x_wconf 89' lang='lat' dir='ltr'>aut</span> <span class='ocrx_word' id='word_1_15' title='bbox 1999 573 2365 656; x_wconf 81' lang='lat' dir='ltr'><strong>crispam,</strong></span> <span class='ocrx_word' id='word_1_16' title='bbox 2422 578 2540 639; x_wconf 91' lang='lat' dir='ltr'>aut</span> <span class='ocrx_word' id='word_1_17' title='bbox 2592 575 2776 640; x_wconf 89' lang='lat' dir='ltr'>mol-</span> 
     </span>
     <span class='ocr_line' id='line_1_4' title="bbox 666 673 2778 759; baseline 0.001 -20"><span class='ocrx_word' id='word_1_18' title='bbox 666 674 842 755; x_wconf 90' lang='lat' dir='ltr'>lem;</span> <span class='ocrx_word' id='word_1_19' title='bbox 910 676 1096 759; x_wconf 88' lang='lat' dir='ltr'>atqui</span> <span class='ocrx_word' id='word_1_20' title='bbox 1142 673 1353 740; x_wconf 89' lang='lat' dir='ltr'>altera</span> <span class='ocrx_word' id='word_1_21' title='bbox 1406 673 1801 757; x_wconf 87' lang='lat' dir='ltr'>significatio</span> <span class='ocrx_word' id='word_1_22' title='bbox 1856 675 2331 741; x_wconf 84' lang='lat' dir='ltr'>verisimillima</span> <span class='ocrx_word' id='word_1_23' title='bbox 2387 676 2545 741; x_wconf 91' lang='lat' dir='ltr'>mihi</span> <span class='ocrx_word' id='word_1_24' title='bbox 2598 677 2778 742; x_wconf 81' lang='lat' dir='ltr'>vide-</span> 
     </span>
     <span class='ocr_line' id='line_1_5' title="bbox 666 776 2776 862; baseline 0.002 -20"><span class='ocrx_word' id='word_1_25' title='bbox 666 782 776 842; x_wconf 92' lang='lat' dir='ltr'>tur</span> <span class='ocrx_word' id='word_1_26' title='bbox 802 782 870 860; x_wconf 87' lang='lat'>¹);</span> <span class='ocrx_word' id='word_1_27' title='bbox 935 798 1085 842; x_wconf 89' lang='lat' dir='ltr'>nam</span> <span class='ocrx_word' id='word_1_28' title='bbox 1132 776 1465 842; x_wconf 81' lang='lat' dir='ltr'>brassicae</span> <span class='ocrx_word' id='word_1_29' title='bbox 1512 777 1773 860; x_wconf 89' lang='lat' dir='ltr'>quidem</span> <span class='ocrx_word' id='word_1_30' title='bbox 1822 779 2077 862; x_wconf 90' lang='lat' dir='ltr'>species</span> <span class='ocrx_word' id='word_1_31' title='bbox 2134 799 2521 845; x_wconf 83' lang='lat' dir='ltr'>enumerans</span> <span class='ocrx_word' id='word_1_32' title='bbox 2568 776 2776 846; x_wconf 87' lang='lat' dir='ltr'>Theo-</span> 
     </span>
     <span class='ocr_line' id='line_1_6' title="bbox 667 875 2777 969; baseline 0.002 -25"><span class='ocrx_word' id='word_1_33' title='bbox 667 880 977 963; x_wconf 85' lang='lat' dir='ltr'>phrastus</span> <span class='ocrx_word' id='word_1_34' title='bbox 1007 881 1075 945; x_wconf 92' lang='lat' dir='ltr'>in</span> <span class='ocrx_word' id='word_1_35' title='bbox 1117 879 1268 946; x_wconf 90' lang='lat' dir='ltr'>hist.</span> <span class='ocrx_word' id='word_1_36' title='bbox 1299 880 1504 965; x_wconf 87' lang='lat' dir='ltr'>plant.</span> <span class='ocrx_word' id='word_1_37' title='bbox 1538 881 1676 950; x_wconf 86' lang='lat' dir='ltr'><strong>VII.</strong></span> <span class='ocrx_word' id='word_1_38' title='bbox 1698 890 1759 962; x_wconf 84' lang='lat'>4,</span> <span class='ocrx_word' id='word_1_39' title='bbox 1784 891 1822 948; x_wconf 92' lang='grc'>4</span> <span class='ocrx_word' id='word_1_40' title='bbox 1855 889 2318 948; x_wconf 77' lang='lat' dir='ltr'>commemorat</span> <span class='ocrx_word' id='word_1_41' title='bbox 2362 875 2777 969; x_wconf 84' lang='grc' dir='ltr'><strong><em>οὖλόφυλλον,</em></strong></span> 
     </span>
     <span class='ocr_line' id='line_1_7' title="bbox 665 975 2779 1074; baseline 0 -25"><span class='ocrx_word' id='word_1_42' title='bbox 665 982 1060 1070; x_wconf 81' lang='grc' dir='ltr'><strong><em>λειόφυλλον,</em></strong></span> <span class='ocrx_word' id='word_1_43' title='bbox 1085 975 1345 1070; x_wconf 69' lang='grc' dir='ltr'><strong><em>ἅγρίανς</em></strong></span> <span class='ocrx_word' id='word_1_44' title='bbox 1373 983 1481 1049; x_wconf 92' lang='lat' dir='ltr'>hic</span> <span class='ocrx_word' id='word_1_45' title='bbox 1504 1004 1585 1048; x_wconf 84' lang='lat' dir='ltr'>ex</span> <span class='ocrx_word' id='word_1_46' title='bbox 1615 983 1828 1049; x_wconf 90' lang='lat' dir='ltr'>altera</span> <span class='ocrx_word' id='word_1_47' title='bbox 1857 986 2072 1070; x_wconf 89' lang='lat' dir='ltr'>specie</span> <span class='ocrx_word' id='word_1_48' title='bbox 2102 982 2474 1074; x_wconf 81' lang='grc' dir='ltr'><strong><em>λειοφύλλου</em></strong></span> <span class='ocrx_word' id='word_1_49' title='bbox 2498 992 2779 1071; x_wconf 85' lang='lat' dir='ltr'>apparet</span> 
     </span>
     <span class='ocr_line' id='line_1_8' title="bbox 667 1078 2656 1174; baseline 0.003 -22"><span class='ocrx_word' id='word_1_50' title='bbox 667 1078 1058 1174; x_wconf 79' lang='grc' dir='ltr'><strong><em>οὗλόφυλλον</em></strong></span> <span class='ocrx_word' id='word_1_51' title='bbox 1102 1108 1245 1152; x_wconf 88' lang='lat' dir='ltr'>esse</span> <span class='ocrx_word' id='word_1_52' title='bbox 1291 1087 1652 1152; x_wconf 81' lang='lat' dir='ltr'>brassicam</span> <span class='ocrx_word' id='word_1_53' title='bbox 1698 1087 1872 1153; x_wconf 89' lang='lat' dir='ltr'>foliis</span> <span class='ocrx_word' id='word_1_54' title='bbox 1918 1088 2151 1172; x_wconf 87' lang='lat' dir='ltr'>crispis</span> <span class='ocrx_word' id='word_1_55' title='bbox 2196 1090 2583 1173; x_wconf 89' lang='lat' dir='ltr'>praeditam.</span> <span class='ocrx_word' id='word_1_56' title='bbox 2606 1094 2656 1172; x_wconf 72' lang='grc'>2)</span> 
     </span>
     <span class='ocr_line' id='line_1_9' title="bbox 835 1178 2779 1276; baseline 0.002 -21"><span class='ocrx_word' id='word_1_57' title='bbox 835 1190 973 1255; x_wconf 91' lang='lat' dir='ltr'>Iam</span> <span class='ocrx_word' id='word_1_58' title='bbox 1029 1210 1183 1255; x_wconf 86' lang='lat' dir='ltr'>vero</span> <span class='ocrx_word' id='word_1_59' title='bbox 1240 1178 1428 1269; x_wconf 77' lang='grc' dir='ltr'><strong><em>οὖλος</em></strong></span> <span class='ocrx_word' id='word_1_60' title='bbox 1473 1190 1859 1256; x_wconf 88' lang='lat' dir='ltr'>vocabulum</span> <span class='ocrx_word' id='word_1_61' title='bbox 1916 1192 2284 1276; x_wconf 79' lang='lat' dir='ltr'>explicatur</span> <span class='ocrx_word' id='word_1_62' title='bbox 2341 1195 2534 1258; x_wconf 88' lang='lat' dir='ltr'>etiam</span> <span class='ocrx_word' id='word_1_63' title='bbox 2601 1186 2779 1259; x_wconf 81' lang='grc' dir='ltr'><strong><em>ὁλό-</em></strong></span> 
     </span>
     <span class='ocr_line' id='line_1_10' title="bbox 666 1282 2770 1383; baseline 0 -24"><span class='ocrx_word' id='word_1_64' title='bbox 666 1295 975 1383; x_wconf 84' lang='grc' dir='ltr'><strong><em>κληρος,·</em></strong></span> <span class='ocrx_word' id='word_1_65' title='bbox 1041 1292 1122 1362; x_wconf 83' lang='lat' dir='ltr'>of.</span> <span class='ocrx_word' id='word_1_66' title='bbox 1168 1293 1354 1359; x_wconf 61' lang='lat' dir='ltr'>Hes:</span> <span class='ocrx_word' id='word_1_67' title='bbox 1422 1282 1608 1359; x_wconf 74' lang='grc' dir='ltr'><strong><em>οὖλον</em></strong></span> <span class='ocrx_word' id='word_1_68' title='bbox 1664 1293 1835 1361; x_wconf 80' lang='grc' dir='ltr'><strong><em>ποτὲ</em></strong></span> <span class='ocrx_word' id='word_1_69' title='bbox 1888 1294 2012 1379; x_wconf 77' lang='grc' dir='ltr'>μὲν</span> <span class='ocrx_word' id='word_1_70' title='bbox 2053 1346 2320 1364; x_wconf 90' lang='grc'><strong>.....</strong></span> <span class='ocrx_word' id='word_1_71' title='bbox 2368 1294 2536 1362; x_wconf 78' lang='grc' dir='ltr'><strong><em>ποτὲ</em></strong></span> <span class='ocrx_word' id='word_1_72' title='bbox 2582 1293 2657 1361; x_wconf 79' lang='grc' dir='ltr'>δὲ</span> <span class='ocrx_word' id='word_1_73' title='bbox 2697 1288 2770 1360; x_wconf 53' lang='lat' dir='ltr'>‘c‘</span> 
     </span>
     <span class='ocr_line' id='line_1_11' title="bbox 668 1390 2776 1485; baseline 0 -24"><span class='ocrx_word' id='word_1_74' title='bbox 668 1390 844 1483; x_wconf 73' lang='grc' dir='ltr'><strong><em>ὑγιὲς</em></strong></span> <span class='ocrx_word' id='word_1_75' title='bbox 887 1394 1000 1462; x_wconf 81' lang='grc' dir='ltr'>καὶ</span> <span class='ocrx_word' id='word_1_76' title='bbox 1049 1390 1397 1485; x_wconf 85' lang='grc' dir='ltr'><strong><em>ὁλόκληρον</em></strong></span> <span class='ocrx_word' id='word_1_77' title='bbox 1452 1404 1519 1463; x_wconf 88' lang='lat' dir='ltr'>et</span> <span class='ocrx_word' id='word_1_78' title='bbox 1565 1397 1765 1462; x_wconf 90' lang='lat' dir='ltr'>simili</span> <span class='ocrx_word' id='word_1_79' title='bbox 1813 1399 2005 1464; x_wconf 90' lang='lat' dir='ltr'>modo</span> <span class='ocrx_word' id='word_1_80' title='bbox 2051 1399 2243 1463; x_wconf 90' lang='lat' dir='ltr'>multi</span> <span class='ocrx_word' id='word_1_81' title='bbox 2288 1399 2403 1465; x_wconf 92' lang='lat' dir='ltr'>alii</span> <span class='ocrx_word' id='word_1_82' title='bbox 2450 1419 2776 1482; x_wconf 83' lang='lat' dir='ltr'>gramma-</span> 
     </span>
     <span class='ocr_line' id='line_1_12' title="bbox 666 1499 2777 1587; baseline 0 -23"><span class='ocrx_word' id='word_1_83' title='bbox 666 1499 780 1564; x_wconf 88' lang='lat' dir='ltr'>tici</span> <span class='ocrx_word' id='word_1_84' title='bbox 844 1520 1010 1583; x_wconf 86' lang='lat' dir='ltr'>quos</span> <span class='ocrx_word' id='word_1_85' title='bbox 1073 1505 1413 1566; x_wconf 88' lang='lat' dir='ltr'>enumerat</span> <span class='ocrx_word' id='word_1_86' title='bbox 1470 1499 1905 1567; x_wconf 85' lang='lat' dir='ltr'>Schneiderus</span> <span class='ocrx_word' id='word_1_87' title='bbox 1972 1501 2057 1566; x_wconf 92' lang='lat' dir='ltr'>ad</span> <span class='ocrx_word' id='word_1_88' title='bbox 2114 1500 2176 1570; x_wconf 89' lang='lat' dir='ltr'>h.</span> <span class='ocrx_word' id='word_1_89' title='bbox 2221 1502 2301 1567; x_wconf 92' lang='lat' dir='ltr'>II.</span> <span class='ocrx_word' id='word_1_90' title='bbox 2359 1509 2465 1582; x_wconf 76' lang='lat'>76,</span> <span class='ocrx_word' id='word_1_91' title='bbox 2535 1501 2777 1587; x_wconf 88' lang='lat' dir='ltr'>quibus</span> 
     </span>
     <span class='ocr_line' id='line_1_13' title="bbox 666 1591 2776 1692; baseline 0.001 -26"><span class='ocrx_word' id='word_1_92' title='bbox 666 1601 874 1667; x_wconf 88' lang='lat' dir='ltr'>addas</span> <span class='ocrx_word' id='word_1_93' title='bbox 921 1602 1132 1687; x_wconf 85' lang='lat' dir='ltr'>Apoll.</span> <span class='ocrx_word' id='word_1_94' title='bbox 1179 1603 1373 1688; x_wconf 89' lang='lat' dir='ltr'>Soph.</span> <span class='ocrx_word' id='word_1_95' title='bbox 1423 1611 1565 1685; x_wconf 81' lang='lat'>124,</span> <span class='ocrx_word' id='word_1_96' title='bbox 1617 1611 1689 1670; x_wconf 91' lang='grc'>11</span> <span class='ocrx_word' id='word_1_97' title='bbox 1741 1591 1887 1671; x_wconf 73' lang='grc' dir='ltr'><strong><em>οὖλε</em></strong></span> <span class='ocrx_word' id='word_1_98' title='bbox 1926 1599 2171 1692; x_wconf 76' lang='grc' dir='ltr'><strong><em>ὑγίαινε</em></strong></span> <span class='ocrx_word' id='word_1_99' title='bbox 2195 1630 2209 1645; x_wconf 92' lang='grc'><em>·</em></span> <span class='ocrx_word' id='word_1_100' title='bbox 2258 1600 2419 1672; x_wconf 73' lang='grc' dir='ltr'><strong><em>ὅθεν</em></strong></span> <span class='ocrx_word' id='word_1_101' title='bbox 2459 1602 2571 1671; x_wconf 82' lang='grc' dir='ltr'>καὶ</span> <span class='ocrx_word' id='word_1_102' title='bbox 2617 1595 2776 1692; x_wconf 64' lang='grc' dir='ltr'><strong><em>οἷὲλη</em></strong></span> 
     </span>
     <span class='ocr_line' id='line_1_14' title="bbox 664 1699 2777 1795; baseline 0 -25"><span class='ocrx_word' id='word_1_103' title='bbox 664 1701 744 1772; x_wconf 87' lang='grc' dir='ltr'>τὸ</span> <span class='ocrx_word' id='word_1_104' title='bbox 786 1699 1171 1792; x_wconf 80' lang='grc' dir='ltr'><strong><em>ὓγιασμένον</em></strong></span> <span class='ocrx_word' id='word_1_105' title='bbox 1222 1712 1499 1795; x_wconf 80' lang='grc' dir='ltr'><strong><em>τραῦμα.</em></strong></span> <span class='ocrx_word' id='word_1_106' title='bbox 1587 1712 1803 1791; x_wconf 85' lang='lat' dir='ltr'>Atque</span> <span class='ocrx_word' id='word_1_107' title='bbox 1858 1707 2217 1774; x_wconf 88' lang='lat' dir='ltr'>scholiasta</span> <span class='ocrx_word' id='word_1_108' title='bbox 2263 1707 2521 1793; x_wconf 90' lang='lat' dir='ltr'>quidem</span> <span class='ocrx_word' id='word_1_109' title='bbox 2572 1706 2777 1773; x_wconf 86' lang='lat' dir='ltr'>Calli-</span> 
     </span>
     <span class='ocr_line' id='line_1_15' title="bbox 668 1809 2780 1895; baseline 0 -22"><span class='ocrx_word' id='word_1_110' title='bbox 668 1809 879 1874; x_wconf 90' lang='lat' dir='ltr'>machi</span> <span class='ocrx_word' id='word_1_111' title='bbox 925 1810 1019 1875; x_wconf 91' lang='lat' dir='ltr'>sic</span> <span class='ocrx_word' id='word_1_112' title='bbox 1086 1810 1285 1876; x_wconf 88' lang='lat' dir='ltr'>etiam</span> <span class='ocrx_word' id='word_1_113' title='bbox 1341 1809 1401 1878; x_wconf 88' lang='lat' dir='ltr'>h.</span> <span class='ocrx_word' id='word_1_114' title='bbox 1446 1810 1555 1875; x_wconf 87' lang='lat' dir='ltr'>IV.</span> <span class='ocrx_word' id='word_1_115' title='bbox 1614 1819 1756 1880; x_wconf 79' lang='lat'><strong>302.</strong></span> <span class='ocrx_word' id='word_1_116' title='bbox 1822 1811 2246 1895; x_wconf 89' lang='lat' dir='ltr'>interpretari</span> <span class='ocrx_word' id='word_1_117' title='bbox 2316 1811 2555 1891; x_wconf 84' lang='lat' dir='ltr'>studet,</span> <span class='ocrx_word' id='word_1_118' title='bbox 2624 1830 2780 1874; x_wconf 90' lang='lat' dir='ltr'>cum</span> 
     </span>
     <span class='ocr_line' id='line_1_16' title="bbox 666 1907 2784 2002; baseline 0 -25"><span class='ocrx_word' id='word_1_119' title='bbox 666 1912 844 1978; x_wconf 89' lang='lat' dir='ltr'>dicat</span> <span class='ocrx_word' id='word_1_120' title='bbox 932 1907 1279 2001; x_wconf 84' lang='grc' dir='ltr'><strong><em>ὁλόκληρος</em></strong></span> <span class='ocrx_word' id='word_1_121' title='bbox 1348 1917 1498 1993; x_wconf 88' lang='grc' dir='ltr'><strong><em>ταῖς</em></strong></span> <span class='ocrx_word' id='word_1_122' title='bbox 1571 1912 1783 2002; x_wconf 76' lang='grc' dir='ltr'><strong><em>θριξὶ,</em></strong></span> <span class='ocrx_word' id='word_1_123' title='bbox 1874 1911 2174 1981; x_wconf 79' lang='grc' dir='ltr'><strong><em>τουτέστι</em></strong></span> <span class='ocrx_word' id='word_1_124' title='bbox 2247 1908 2555 2002; x_wconf 85' lang='grc' dir='ltr'><strong><em>λαμπρὸς</em></strong></span> <span class='ocrx_word' id='word_1_125' title='bbox 2627 1915 2784 1991; x_wconf 86' lang='grc' dir='ltr'><strong><em>ταῖς</em></strong></span> 
     </span>
     <span class='ocr_line' id='line_1_17' title="bbox 666 2007 2782 2101; baseline 0 -22"><span class='ocrx_word' id='word_1_126' title='bbox 666 2007 951 2097; x_wconf 73' lang='grc' dir='ltr'><strong><em>ἀκτῖσινς</em></strong></span> <span class='ocrx_word' id='word_1_127' title='bbox 1020 2016 1198 2101; x_wconf 90' lang='lat' dir='ltr'>quod</span> <span class='ocrx_word' id='word_1_128' title='bbox 1245 2015 1483 2081; x_wconf 89' lang='lat' dir='ltr'>falsum</span> <span class='ocrx_word' id='word_1_129' title='bbox 1533 2038 1676 2083; x_wconf 88' lang='lat' dir='ltr'>esse</span> <span class='ocrx_word' id='word_1_130' title='bbox 1719 2018 1851 2082; x_wconf 92' lang='lat' dir='ltr'>iam</span> <span class='ocrx_word' id='word_1_131' title='bbox 1895 2017 2205 2098; x_wconf 82' lang='lat' dir='ltr'>vidimus3</span> <span class='ocrx_word' id='word_1_132' title='bbox 2273 2018 2501 2082; x_wconf 91' lang='lat' dir='ltr'>subest</span> <span class='ocrx_word' id='word_1_133' title='bbox 2554 2022 2782 2082; x_wconf 89' lang='lat' dir='ltr'>autem</span> 
     </span>
     <span class='ocr_line' id='line_1_18' title="bbox 672 2117 1781 2203; baseline 0.003 -20"><span class='ocrx_word' id='word_1_134' title='bbox 672 2117 834 2184; x_wconf 87' lang='lat' dir='ltr'>haec</span> <span class='ocrx_word' id='word_1_135' title='bbox 877 2119 1272 2203; x_wconf 86' lang='lat' dir='ltr'>significatio</span> <span class='ocrx_word' id='word_1_136' title='bbox 1319 2118 1382 2183; x_wconf 91' lang='lat' dir='ltr'>in</span> <span class='ocrx_word' id='word_1_137' title='bbox 1431 2118 1493 2185; x_wconf 90' lang='lat' dir='ltr'>h.</span> <span class='ocrx_word' id='word_1_138' title='bbox 1540 2120 1616 2185; x_wconf 86' lang='lat' dir='ltr'>II.</span> <span class='ocrx_word' id='word_1_139' title='bbox 1669 2128 1781 2188; x_wconf 75' lang='lat'>76:</span> 
     </span>
     <span class='ocr_line' id='line_1_19' title="bbox 1938 2221 2521 2315; baseline 0 -25"><span class='ocrx_word' id='word_1_140' title='bbox 1938 2221 2010 2290; x_wconf 74' lang='grc' dir='ltr'>ἐκ</span> <span class='ocrx_word' id='word_1_141' title='bbox 2054 2221 2129 2290; x_wconf 82' lang='grc' dir='ltr'>δέ</span> <span class='ocrx_word' id='word_1_142' title='bbox 2176 2243 2250 2290; x_wconf 81' lang='grc' dir='ltr'>σε</span> <span class='ocrx_word' id='word_1_143' title='bbox 2299 2221 2521 2315; x_wconf 80' lang='grc' dir='ltr'><em>Θήρης</em></span> 
     </span>
     <span class='ocr_line' id='line_1_20' title="bbox 906 2313 2547 2418; baseline 0 -26"><span class='ocrx_word' id='word_1_144' title='bbox 906 2313 1090 2407; x_wconf 72' lang='grc' dir='ltr'><strong><em>οὖλος</em></strong></span> <span class='ocrx_word' id='word_1_145' title='bbox 1126 2319 1581 2415; x_wconf 79' lang='grc' dir='ltr'><strong><em>Ἀριστοτέλης</em></strong></span> <span class='ocrx_word' id='word_1_146' title='bbox 1611 2319 2002 2412; x_wconf 77' lang='grc' dir='ltr'><strong><em>Ἀσβυστίόι</em></strong></span> <span class='ocrx_word' id='word_1_147' title='bbox 2050 2323 2351 2414; x_wconf 73' lang='grc' dir='ltr'><strong><em>πάρθετο</em></strong></span> <span class='ocrx_word' id='word_1_148' title='bbox 2396 2324 2547 2418; x_wconf 77' lang='grc' dir='ltr'><strong><em>γαίῃ</em></strong></span> 
     </span>
     <span class='ocr_line' id='line_1_21' title="bbox 673 2418 2789 2515; baseline 0 -21"><span class='ocrx_word' id='word_1_149' title='bbox 673 2450 804 2513; x_wconf 92' lang='lat' dir='ltr'>quo</span> <span class='ocrx_word' id='word_1_150' title='bbox 859 2430 1005 2496; x_wconf 92' lang='lat' dir='ltr'>loco</span> <span class='ocrx_word' id='word_1_151' title='bbox 1061 2418 1252 2511; x_wconf 78' lang='grc' dir='ltr'><strong><em>οὖλος</em></strong></span> <span class='ocrx_word' id='word_1_152' title='bbox 1307 2430 1679 2515; x_wconf 84' lang='lat' dir='ltr'>explicatur</span> <span class='ocrx_word' id='word_1_153' title='bbox 1735 2430 2164 2497; x_wconf 88' lang='lat' dir='ltr'>adnotatione</span> <span class='ocrx_word' id='word_1_154' title='bbox 2216 2431 2612 2497; x_wconf 88' lang='lat' dir='ltr'>scholiastae</span> <span class='ocrx_word' id='word_1_155' title='bbox 2666 2430 2789 2495; x_wconf 90' lang='lat' dir='ltr'>ad-</span> 
     </span>
     <span class='ocr_line' id='line_1_22' title="bbox 673 2522 2789 2619; baseline -0.001 -20"><span class='ocrx_word' id='word_1_156' title='bbox 673 2534 921 2619; x_wconf 83' lang='lat' dir='ltr'>scripta</span> <span class='ocrx_word' id='word_1_157' title='bbox 965 2533 1051 2599; x_wconf 90' lang='lat' dir='ltr'>ad</span> <span class='ocrx_word' id='word_1_158' title='bbox 1097 2555 1153 2600; x_wconf 76' lang='lat' dir='ltr'>v,</span> <span class='ocrx_word' id='word_1_159' title='bbox 1202 2541 1281 2602; x_wconf 84' lang='lat'>65</span> <span class='ocrx_word' id='word_1_160' title='bbox 1329 2537 1395 2598; x_wconf 92' lang='lat' dir='ltr'>et</span> <span class='ocrx_word' id='word_1_161' title='bbox 1439 2533 1524 2597; x_wconf 90' lang='lat' dir='ltr'>ad</span> <span class='ocrx_word' id='word_1_162' title='bbox 1569 2555 1625 2602; x_wconf 79' lang='lat' dir='ltr'>v,</span> <span class='ocrx_word' id='word_1_163' title='bbox 1673 2541 1773 2603; x_wconf 79' lang='grc'>76.</span> <span class='ocrx_word' id='word_1_164' title='bbox 1862 2535 1985 2600; x_wconf 86' lang='lat' dir='ltr'>Hic</span> <span class='ocrx_word' id='word_1_165' title='bbox 2040 2534 2244 2618; x_wconf 88' lang='lat' dir='ltr'>igitur</span> <span class='ocrx_word' id='word_1_166' title='bbox 2294 2522 2480 2614; x_wconf 78' lang='grc' dir='ltr'><strong><em>οὖλος</em></strong></span> <span class='ocrx_word' id='word_1_167' title='bbox 2533 2533 2789 2599; x_wconf 89' lang='lat' dir='ltr'>dictum</span> 
     </span>
     <span class='ocr_line' id='line_1_23' title="bbox 674 2630 2791 2727; baseline 0 -26"><span class='ocrx_word' id='word_1_168' title='bbox 674 2641 776 2702; x_wconf 91' lang='lat' dir='ltr'>est</span> <span class='ocrx_word' id='word_1_169' title='bbox 804 2630 946 2702; x_wconf 84' lang='grc' dir='ltr'><strong><em>κατ’</em></strong></span> <span class='ocrx_word' id='word_1_170' title='bbox 972 2634 1201 2727; x_wconf 76' lang='grc' dir='ltr'><strong><em>ἑξοχήν</em></strong></span> <span class='ocrx_word' id='word_1_171' title='bbox 1232 2636 1314 2702; x_wconf 92' lang='lat' dir='ltr'>de</span> <span class='ocrx_word' id='word_1_172' title='bbox 1338 2656 1412 2702; x_wconf 93' lang='lat' dir='ltr'>eo</span> <span class='ocrx_word' id='word_1_173' title='bbox 1438 2637 1554 2720; x_wconf 92' lang='lat' dir='ltr'>qui</span> <span class='ocrx_word' id='word_1_174' title='bbox 1587 2637 1935 2703; x_wconf 90' lang='lat' dir='ltr'>sanitatem</span> <span class='ocrx_word' id='word_1_175' title='bbox 1968 2642 2200 2703; x_wconf 88' lang='lat' dir='ltr'>nactus</span> <span class='ocrx_word' id='word_1_176' title='bbox 2232 2643 2350 2703; x_wconf 90' lang='lat' dir='ltr'>est.</span> <span class='ocrx_word' id='word_1_177' title='bbox 2395 2636 2791 2704; x_wconf 87' lang='lat' dir='ltr'>Aristoteles</span> 
     </span>
     <span class='ocr_line' id='line_1_24' title="bbox 674 2739 2792 2825; baseline 0 -21"><span class='ocrx_word' id='word_1_178' title='bbox 674 2740 845 2805; x_wconf 92' lang='lat' dir='ltr'>enim</span> <span class='ocrx_word' id='word_1_179' title='bbox 897 2739 1126 2823; x_wconf 84' lang='lat' dir='ltr'>lingua</span> <span class='ocrx_word' id='word_1_180' title='bbox 1179 2744 1571 2823; x_wconf 89' lang='lat' dir='ltr'>recuperata</span> <span class='ocrx_word' id='word_1_181' title='bbox 1625 2760 1825 2805; x_wconf 89' lang='lat' dir='ltr'>sanus</span> <span class='ocrx_word' id='word_1_182' title='bbox 1881 2747 1949 2807; x_wconf 91' lang='lat' dir='ltr'>et</span> <span class='ocrx_word' id='word_1_183' title='bbox 2013 2743 2203 2825; x_wconf 87' lang='lat' dir='ltr'>quasi</span> <span class='ocrx_word' id='word_1_184' title='bbox 2268 2740 2519 2807; x_wconf 89' lang='lat' dir='ltr'>solidus</span> <span class='ocrx_word' id='word_1_185' title='bbox 2583 2744 2792 2824; x_wconf 88' lang='lat' dir='ltr'>atque</span> 
     </span>
     <span class='ocr_line' id='line_1_25' title="bbox 671 2831 2791 2928; baseline -0.001 -20"><span class='ocrx_word' id='word_1_186' title='bbox 671 2844 926 2927; x_wconf 86' lang='lat' dir='ltr'>integer</span> <span class='ocrx_word' id='word_1_187' title='bbox 991 2843 1291 2909; x_wconf 90' lang='lat' dir='ltr'>redditus</span> <span class='ocrx_word' id='word_1_188' title='bbox 1348 2850 1466 2909; x_wconf 89' lang='lat' dir='ltr'>est.</span> <span class='ocrx_word' id='word_1_189' title='bbox 1565 2831 1772 2922; x_wconf 82' lang='grc' dir='ltr'><strong><em>Οὗλος</em></strong></span> <span class='ocrx_word' id='word_1_190' title='bbox 1835 2844 2040 2926; x_wconf 82' lang='lat' dir='ltr'>igitur</span> <span class='ocrx_word' id='word_1_191' title='bbox 2104 2847 2230 2910; x_wconf 91' lang='lat' dir='ltr'>hoc</span> <span class='ocrx_word' id='word_1_192' title='bbox 2296 2844 2444 2910; x_wconf 89' lang='lat' dir='ltr'>loco</span> <span class='ocrx_word' id='word_1_193' title='bbox 2511 2845 2791 2928; x_wconf 88' lang='lat' dir='ltr'>propius</span> 
     </span>
     <span class='ocr_line' id='line_1_26' title="bbox 672 2942 2673 3035; baseline 0.001 -24"><span class='ocrx_word' id='word_1_194' title='bbox 672 2946 927 3013; x_wconf 89' lang='lat' dir='ltr'>accedit</span> <span class='ocrx_word' id='word_1_195' title='bbox 971 2946 1055 3011; x_wconf 91' lang='lat' dir='ltr'>ad</span> <span class='ocrx_word' id='word_1_196' title='bbox 1102 2947 1226 3009; x_wconf 86' lang='lat' dir='ltr'>vim</span> <span class='ocrx_word' id='word_1_197' title='bbox 1273 2945 1524 3011; x_wconf 86' lang='lat' dir='ltr'>formae</span> <span class='ocrx_word' id='word_1_198' title='bbox 1574 2942 1740 3028; x_wconf 81' lang='grc' dir='ltr'><strong><em>ὅλος,</em></strong></span> <span class='ocrx_word' id='word_1_199' title='bbox 1788 2947 1958 3013; x_wconf 90' lang='lat' dir='ltr'>sicut</span> <span class='ocrx_word' id='word_1_200' title='bbox 2001 2947 2181 3031; x_wconf 87' lang='lat' dir='ltr'>apud</span> <span class='ocrx_word' id='word_1_201' title='bbox 2228 2947 2419 3014; x_wconf 91' lang='lat' dir='ltr'>Hom.</span> <span class='ocrx_word' id='word_1_202' title='bbox 2465 2973 2502 3035; x_wconf 99' lang='grc' dir='ltr'><strong><em>ρ</em></strong></span> <span class='ocrx_word' id='word_1_203' title='bbox 2551 2955 2673 3014; x_wconf 84' lang='grc'>343</span> 
     </span>
     <span class='ocr_line' id='line_1_27' title="bbox 930 3039 2543 3137; baseline 0 -22"><span class='ocrx_word' id='word_1_204' title='bbox 930 3041 1122 3136; x_wconf 76' lang='grc' dir='ltr'><strong><em>ἷίρτον</em></strong></span> <span class='ocrx_word' id='word_1_205' title='bbox 1163 3042 1221 3114; x_wconf 77' lang='grc' dir='ltr'>τ’</span> <span class='ocrx_word' id='word_1_206' title='bbox 1271 3039 1459 3117; x_wconf 69' lang='grc' dir='ltr'><strong><em>οὖλον</em></strong></span> <span class='ocrx_word' id='word_1_207' title='bbox 1504 3043 1664 3115; x_wconf 75' lang='grc' dir='ltr'><strong><em>ἑλών</em></strong></span> <span class='ocrx_word' id='word_1_208' title='bbox 1706 3048 2132 3137; x_wconf 81' lang='grc' dir='ltr'><strong><em>περικαλλέος</em></strong></span> <span class='ocrx_word' id='word_1_209' title='bbox 2175 3047 2247 3116; x_wconf 76' lang='grc' dir='ltr'>ἐκ</span> <span class='ocrx_word' id='word_1_210' title='bbox 2292 3046 2543 3118; x_wconf 81' lang='grc' dir='ltr'><strong><em>κανέοιο</em></strong></span> 
     </span>
     <span class='ocr_line' id='line_1_28' title="bbox 673 3153 1121 3221; baseline 0.007 -3"><span class='ocrx_word' id='word_1_211' title='bbox 673 3157 743 3218; x_wconf 79' lang='lat' dir='ltr'>et</span> <span class='ocrx_word' id='word_1_212' title='bbox 785 3153 855 3218; x_wconf 90' lang='lat' dir='ltr'>in</span> <span class='ocrx_word' id='word_1_213' title='bbox 899 3177 954 3217; x_wconf 89' lang='grc' dir='ltr'>ω</span> <span class='ocrx_word' id='word_1_214' title='bbox 999 3160 1121 3221; x_wconf 88' lang='grc'>118</span> 
     </span>
     <span class='ocr_line' id='line_1_29' title="bbox 832 3247 2630 3346; baseline 0 -24"><span class='ocrx_word' id='word_1_215' title='bbox 832 3254 983 3344; x_wconf 86' lang='grc' dir='ltr'><strong><em>μηνὶ</em></strong></span> <span class='ocrx_word' id='word_1_216' title='bbox 1029 3248 1087 3322; x_wconf 77' lang='grc' dir='ltr'>δ’</span> <span class='ocrx_word' id='word_1_217' title='bbox 1134 3254 1203 3322; x_wconf 75' lang='grc' dir='ltr'>ἐν</span> <span class='ocrx_word' id='word_1_218' title='bbox 1248 3247 1418 3343; x_wconf 61' lang='grc' dir='ltr'><strong><em>οἷῗλῳ</em></strong></span> <span class='ocrx_word' id='word_1_219' title='bbox 1465 3253 1687 3323; x_wconf 81' lang='grc' dir='ltr'><strong><em>πάντα</em></strong></span> <span class='ocrx_word' id='word_1_220' title='bbox 1731 3252 2113 3346; x_wconf 81' lang='grc' dir='ltr'><strong><em>περήσαμεν</em></strong></span> <span class='ocrx_word' id='word_1_221' title='bbox 2156 3247 2340 3343; x_wconf 80' lang='grc' dir='ltr'><strong><em>εὐρέα</em></strong></span> <span class='ocrx_word' id='word_1_222' title='bbox 2384 3252 2630 3323; x_wconf 90' lang='grc' dir='ltr'><strong><em>πόντον</em></strong></span> 
     </span>
     <span class='ocr_line' id='line_1_30' title="bbox 677 3348 2788 3444; baseline 0.001 -20"><span class='ocrx_word' id='word_1_223' title='bbox 677 3359 885 3425; x_wconf 89' lang='lat' dir='ltr'>forma</span> <span class='ocrx_word' id='word_1_224' title='bbox 915 3348 1098 3438; x_wconf 76' lang='grc' dir='ltr'><strong><em>οὖλος</em></strong></span> <span class='ocrx_word' id='word_1_225' title='bbox 1139 3359 1333 3444; x_wconf 90' lang='lat' dir='ltr'>plane</span> <span class='ocrx_word' id='word_1_226' title='bbox 1379 3359 1613 3426; x_wconf 90' lang='lat' dir='ltr'>eadem</span> <span class='ocrx_word' id='word_1_227' title='bbox 1657 3360 1918 3425; x_wconf 90' lang='lat' dir='ltr'>ratione</span> <span class='ocrx_word' id='word_1_228' title='bbox 1960 3364 2283 3444; x_wconf 90' lang='lat' dir='ltr'>usurpata</span> <span class='ocrx_word' id='word_1_229' title='bbox 2314 3365 2417 3425; x_wconf 91' lang='lat' dir='ltr'>est</span> <span class='ocrx_word' id='word_1_230' title='bbox 2447 3380 2579 3443; x_wconf 87' lang='lat' dir='ltr'>qua</span> <span class='ocrx_word' id='word_1_231' title='bbox 2611 3354 2788 3439; x_wconf 84' lang='grc' dir='ltr'><strong><em>ὅλος.</em></strong></span> 
     </span>
     <span class='ocr_line' id='line_1_31' title="bbox 845 3452 2790 3549; baseline 0 -22"><span class='ocrx_word' id='word_1_232' title='bbox 845 3462 985 3527; x_wconf 91' lang='lat' dir='ltr'>Iam</span> <span class='ocrx_word' id='word_1_233' title='bbox 1052 3467 1307 3529; x_wconf 86' lang='lat' dir='ltr'>restant</span> <span class='ocrx_word' id='word_1_234' title='bbox 1372 3467 1508 3528; x_wconf 90' lang='lat' dir='ltr'>tres</span> <span class='ocrx_word' id='word_1_235' title='bbox 1572 3463 1730 3545; x_wconf 88' lang='lat' dir='ltr'>loci,</span> <span class='ocrx_word' id='word_1_236' title='bbox 1797 3463 1912 3529; x_wconf 90' lang='lat' dir='ltr'>ubi</span> <span class='ocrx_word' id='word_1_237' title='bbox 1979 3452 2165 3530; x_wconf 78' lang='grc' dir='ltr'><strong><em>οὖλον</em></strong></span> <span class='ocrx_word' id='word_1_238' title='bbox 2229 3461 2471 3528; x_wconf 91' lang='lat' dir='ltr'>habere</span> <span class='ocrx_word' id='word_1_239' title='bbox 2536 3462 2790 3549; x_wconf 87' lang='lat' dir='ltr'>signifi-</span> 
     </span>
     <span class='ocr_line' id='line_1_32' title="bbox 677 3565 2791 3651; baseline 0 -20"><span class='ocrx_word' id='word_1_240' title='bbox 677 3566 999 3631; x_wconf 88' lang='lat' dir='ltr'>cationem</span> <span class='ocrx_word' id='word_1_241' title='bbox 1033 3587 1314 3651; x_wconf 85' lang='lat' dir='ltr'>magna</span> <span class='ocrx_word' id='word_1_242' title='bbox 1360 3589 1526 3633; x_wconf 86' lang='lat' dir='ltr'>cum</span> <span class='ocrx_word' id='word_1_243' title='bbox 1570 3566 2039 3647; x_wconf 88' lang='lat' dir='ltr'>intentione,</span> <span class='ocrx_word' id='word_1_244' title='bbox 2087 3566 2596 3631; x_wconf 86' lang='lat' dir='ltr'>vehementer</span> <span class='ocrx_word' id='word_1_245' title='bbox 2626 3565 2791 3631; x_wconf 92' lang='lat' dir='ltr'>mihi</span> 
     </span>
     <span class='ocr_line' id='line_1_33' title="bbox 675 3669 1794 3755; baseline -0.002 -20"><span class='ocrx_word' id='word_1_246' title='bbox 675 3690 1062 3754; x_wconf 89' lang='lat' dir='ltr'>persuasum</span> <span class='ocrx_word' id='word_1_247' title='bbox 1107 3675 1233 3751; x_wconf 84' lang='lat' dir='ltr'>est3</span> <span class='ocrx_word' id='word_1_248' title='bbox 1281 3670 1395 3755; x_wconf 88' lang='lat' dir='ltr'>qui</span> <span class='ocrx_word' id='word_1_249' title='bbox 1440 3669 1571 3736; x_wconf 90' lang='lat' dir='ltr'>loci</span> <span class='ocrx_word' id='word_1_250' title='bbox 1617 3675 1794 3735; x_wconf 88' lang='lat' dir='ltr'>sunt:</span> 
     </span>
    </p>
   </div>
   <div class='ocr_carea' id='block_1_3' title="bbox 676 3791 1094 3801">
    <p class='ocr_par' dir='ltr' id='par_1_3' title="bbox 676 3791 1094 3801">
     <span class='ocr_line' id='line_1_34' title="bbox 676 3791 1094 3801; baseline 0 1031"><span class='ocrx_word' id='word_1_251' title='bbox 676 3791 1094 3801; x_wconf 95' lang='lat' dir='ltr'> </span> 
     </span>
    </p>
   </div>
   <div class='ocr_carea' id='block_1_4' title="bbox 677 3838 2792 4173">
    <p class='ocr_par' dir='ltr' id='par_1_4' title="bbox 677 3838 2792 3996">
     <span class='ocr_line' id='line_1_35' title="bbox 819 3838 2792 3912; baseline -0.003 -16"><span class='ocrx_word' id='word_1_252' title='bbox 819 3841 861 3902; x_wconf 76' lang='grc'>1)</span> <span class='ocrx_word' id='word_1_253' title='bbox 899 3840 1162 3896; x_wconf 84' lang='lat' dir='ltr'>Fortasse</span> <span class='ocrx_word' id='word_1_254' title='bbox 1195 3841 1363 3912; x_wconf 85' lang='lat' dir='ltr'>crispi</span> <span class='ocrx_word' id='word_1_255' title='bbox 1397 3841 1681 3897; x_wconf 86' lang='lat' dir='ltr'>notionem</span> <span class='ocrx_word' id='word_1_256' title='bbox 1718 3840 1859 3896; x_wconf 84' lang='lat' dir='ltr'>Call.</span> <span class='ocrx_word' id='word_1_257' title='bbox 1895 3840 2095 3895; x_wconf 85' lang='lat' dir='ltr'>statuit</span> <span class='ocrx_word' id='word_1_258' title='bbox 2129 3840 2297 3895; x_wconf 89' lang='lat' dir='ltr'>etiam</span> <span class='ocrx_word' id='word_1_259' title='bbox 2330 3839 2391 3893; x_wconf 89' lang='lat' dir='ltr'>in</span> <span class='ocrx_word' id='word_1_260' title='bbox 2428 3844 2484 3890; x_wconf 90' lang='lat' dir='ltr'><strong><em>K</em></strong></span> <span class='ocrx_word' id='word_1_261' title='bbox 2514 3839 2618 3894; x_wconf 83' lang='lat'>134</span> <span class='ocrx_word' id='word_1_262' title='bbox 2654 3838 2792 3905; x_wconf 76' lang='grc' dir='ltr'><strong><em>οὔλη</em></strong></span> 
     </span>
     <span class='ocr_line' id='line_1_36' title="bbox 677 3925 1295 3996; baseline 0.002 -16"><span class='ocrx_word' id='word_1_263' title='bbox 677 3925 723 3980; x_wconf 82' lang='grc' dir='ltr'>δ’</span> <span class='ocrx_word' id='word_1_264' title='bbox 764 3925 1064 3994; x_wconf 73' lang='grc' dir='ltr'><strong><em>ἐνενήνοθε</em></strong></span> <span class='ocrx_word' id='word_1_265' title='bbox 1099 3926 1295 3996; x_wconf 80' lang='grc' dir='ltr'><strong><em>λάχνη.</em></strong></span> 
     </span>
    </p>

    <p class='ocr_par' dir='ltr' id='par_1_5' title="bbox 677 4010 2788 4173">
     <span class='ocr_line' id='line_1_37' title="bbox 815 4010 2788 4084; baseline -0.002 -16"><span class='ocrx_word' id='word_1_266' title='bbox 815 4014 860 4084; x_wconf 75' lang='lat'>2)</span> <span class='ocrx_word' id='word_1_267' title='bbox 897 4013 988 4068; x_wconf 83' lang='lat' dir='ltr'>Ex</span> <span class='ocrx_word' id='word_1_268' title='bbox 1021 4013 1403 4084; x_wconf 83' lang='lat' dir='ltr'>Theophrasto</span> <span class='ocrx_word' id='word_1_269' title='bbox 1438 4017 1628 4068; x_wconf 87' lang='lat' dir='ltr'>autem</span> <span class='ocrx_word' id='word_1_270' title='bbox 1664 4012 1834 4068; x_wconf 90' lang='lat' dir='ltr'>habet</span> <span class='ocrx_word' id='word_1_271' title='bbox 1882 4011 2134 4084; x_wconf 78' lang='grc' dir='ltr'><strong><em>κράμβην</em></strong></span> <span class='ocrx_word' id='word_1_272' title='bbox 2179 4012 2347 4078; x_wconf 79' lang='grc' dir='ltr'><strong><em>οὔλην</em></strong></span> <span class='ocrx_word' id='word_1_273' title='bbox 2394 4010 2683 4066; x_wconf 85' lang='lat' dir='ltr'>Nicander</span> <span class='ocrx_word' id='word_1_274' title='bbox 2728 4011 2788 4065; x_wconf 89' lang='lat' dir='ltr'>in</span> 
     </span>
     <span class='ocr_line' id='line_1_38' title="bbox 677 4096 2645 4173; baseline -0.002 -17"><span class='ocrx_word' id='word_1_275' title='bbox 677 4099 961 4172; x_wconf 85' lang='lat' dir='ltr'>Georgicis</span> <span class='ocrx_word' id='word_1_276' title='bbox 996 4100 1184 4173; x_wconf 83' lang='lat' dir='ltr'>(frgm.</span> <span class='ocrx_word' id='word_1_277' title='bbox 1220 4100 1309 4168; x_wconf 79' lang='lat'>85,</span> <span class='ocrx_word' id='word_1_278' title='bbox 1342 4100 1423 4168; x_wconf 82' lang='lat'>3),</span> <span class='ocrx_word' id='word_1_279' title='bbox 1457 4098 1618 4154; x_wconf 85' lang='lat' dir='ltr'>cuius</span> <span class='ocrx_word' id='word_1_280' title='bbox 1653 4098 1995 4155; x_wconf 87' lang='lat' dir='ltr'>mentionem</span> <span class='ocrx_word' id='word_1_281' title='bbox 2029 4098 2167 4154; x_wconf 83' lang='lat' dir='ltr'>facit</span> <span class='ocrx_word' id='word_1_282' title='bbox 2202 4096 2495 4155; x_wconf 80' lang='lat' dir='ltr'>Scheerius</span> <span class='ocrx_word' id='word_1_283' title='bbox 2532 4096 2570 4151; x_wconf 85' lang='lat'>1.</span> <span class='ocrx_word' id='word_1_284' title='bbox 2605 4096 2645 4152; x_wconf 92' lang='lat'>1.</span> 
     </span>
    </p>
   </div>
  </div>
 </body>
</html>
