2969 4832
1039 335 1465 395 ...39-

189 519 355 565 esse.
427 499 594 566 Tum
639 500 984 583 quaerenti
1029 520 1198 585 quae
1244 505 1419 566 esset
1460 498 1854 583 etymologia
1884 500 2080 582 vocis,
2127 499 2300 564 vide-

186 602 391 668 batur
434 600 847 691 βούβρωστις
891 607 1037 667 orta
1082 623 1225 668 esse
1274 624 1353 668 ex
1398 604 1552 688 βοῦς
1582 607 1650 670 et
1678 600 2047 691 βιβρώσκω.
2118 602 2300 681 Quae

185 727 339 772 cum
386 706 484 770 ita
528 714 765 787 essent,
810 703 1223 794 βούβρωστιν
1266 706 1445 773 idem
1477 726 1621 772 esse
1669 705 2030 771 arbitratus
2077 711 2177 772 est
2222 727 2300 772 ac

184 805 553 894 βουλιμίαν.

363 929 761 997 Nicander
790 935 1012 997 autem
1043 950 1311 1014 prorsus
1343 928 1542 995 aliter
1573 929 1744 995 hanc
1774 948 1999 994 vocem
2031 932 2098 993 et
2127 926 2298 992 deri-

186 1034 368 1099 vavit
413 1038 482 1098 et
523 1033 873 1116 intellexit3
919 1033 1150 1100 scribit
1194 1033 1370 1100 enim
1414 1033 1601 1100 Ther.
1649 1040 1774 1102 782
1824 1052 1967 1115 sqq·

363 1145 558 1234 ἷὶλλος
585 1151 976 1243 (σκορπίων)
1010 1147 1068 1221 δ’
1101 1151 1690 1240 ἒμπέλιος-φορέει
1735 1147 1794 1219 δ’
1835 1145 1969 1219 ὑπὸ
2001 1148 2303 1236 βοσκάδα

1689 1254 1883 1344 νηδύν

363 1353 630 1449 εὐρεῖαν,
681 1358 762 1453 δὴ
807 1357 928 1450 γάρ
971 1384 1042 1428 τε
1085 1357 1431 1449 ποηφάγος
1453 1362 1502 1445 ¹)
1548 1356 1691 1426 αἰὲν
1732 1352 1930 1447 άητος

365 1462 1050 1552 γαιοφάγος-βουβῶσι
1094 1456 1311 1556 τυπὴν
1355 1456 1670 1530 ἀλίαστον
1715 1458 1944 1528 ἰάπτει
1970 1484 1984 1499 ·

364 1565 511 1657 τοίη
554 1563 616 1634 οἱ
658 1563 1054 1656 βούβρωστις
1099 1566 1467 1655 ἑνέσκληκεν
1508 1563 1823 1655 γενύεσσι.

188 1693 398 1770 atque
459 1686 817 1754 scholiasta
874 1689 1036 1753 talia
1093 1687 1323 1755 habet:
1387 1684 1790 1775 βούβρωστις
1849 1684 1923 1752 δὲ
1976 1680 2215 1774 κυρίως
2261 1679 2301 1775 ἦ

194 1787 440 1881 τροφή,
507 1794 615 1856 νῦν
684 1788 758 1858 δὲ
803 1787 843 1882 ἦ
901 1785 1053 1857 άνία
1118 1788 1231 1857 καὶ
1284 1785 1319 1863 ὃ
1379 1786 1501 1872 ἰός.
1593 1786 1988 1856 ἐνδεικτικὸν
2053 1786 2128 1855 δὲ
2193 1790 2308 1853 τοῦ

190 1894 486 1982 σφοδροῦ
532 1891 860 1985 δήγματος
902 1886 981 1961 τὸ
1021 1891 1460 1982 βούβρωστις,
1505 1887 1742 1960 ὡσανεὶ
1785 1891 1989 1979 λέγει,
2033 1887 2304 1978 τοιαύτη

190 1995 269 2063 δὲ
313 1989 493 2078 άνία,
556 1995 804 2086 μεγάλη
849 1989 1098 2088 δηλαδὴ
1153 1990 1335 2080 ανία,
1405 2000 1556 2076 ταῖς
1608 1995 1861 2083 γένυσιν
1916 1993 2303 2082 ἐνέσκληκεν,

192 2092 389 2191 ήγουν
445 2097 862 2192 ἐνεξήρανται
930 2092 971 2191 ἢ
1034 2097 1504 2193 ἐνεστήρικται.
1590 2099 1776 2167 Idem
1843 2099 2047 2166 habet
2112 2118 2303 2164 voca-

190 2203 420 2270 bulum
465 2205 665 2271 etiam
708 2204 897 2269 Ther.
942 2209 1067 2271 409

442 2319 500 2390 εἰ
544 2318 601 2391 δ’
648 2315 806 2415 ολοὴ
851 2320 1258 2412 βούβρωστις
1303 2318 1641 2413 άιδρείηφι
1687 2321 1989 2414 πελάσσῃ
2008 2328 2059 2407 ²)

439 2422 638 2497 αὐτοῦ
680 2424 741 2496 οἳ
783 2426 1080 2509 θάνατός
1122 2452 1193 2495 τε
1235 2428 1347 2496 καὶ
1392 2427 1566 2496 ιῦκέα
1607 2434 1808 2517 μοῖρα
1851 2428 2152 2497 τέτυκται

192 2550 308 2616 ubi
353 2550 708 2616 scholiasta
753 2555 939 2618 auem
983 2550 1227 2617 dictam
1257 2571 1399 2618 esse
1429 2557 1641 2637 putat.
1711 2551 2049 2637 Oppianus
2080 2554 2304 2615 autem

191 2653 345 2720 Hal.
412 2660 539 2722 208
606 2654 850 2721 famem
916 2653 1242 2739 intellegit
1308 2675 1455 2721 cum
1526 2655 1690 2721 dicit
1755 2649 2073 2740 νυκτερίδι
2140 2652 2304 2737 pisci

195 2749 546 2825 ατέλεστον

366 2861 737 2951 λυσσομανῆ
783 2855 1184 2946 βούβρωστιν
1226 2817 1469 2928 ἀνειδέι
1515 2884 1747 2949 γαστρι
1791 2856 2130 2949 φυλάσσει.

190 2963 575 3049 Agathias
622 2962 815 3028 Anth.
858 2963 998 3029 Pal.
1043 2963 1137 3028 XI
1181 2972 1304 3033 379

367 3090 428 3133 ει
471 3059 593 3156 γὰρ
634 3059 736 3132 ἀεὶ
775 3063 1181 3154 βούβρωστιν
1227 3062 1392 3151 ε’χεις
1431 3062 1905 3157 Ερυσίχθονος
1952 3061 2151 3132 αὐτοῦ

187 3177 267 3236 ut
312 3172 575 3255 saepius
622 3170 1097 3237 Callimachum
1141 3177 1294 3237 ante
1342 3172 1566 3239 oculos
1611 3171 1831 3239 habet.
1917 3170 2305 3236 Constan-

189 3275 346 3340 tini
391 3274 673 3359 denique
719 3274 1107 3340 Manassis
1153 3298 1207 3345 v,
1256 3282 1421 3345 3659

598 3529 829 3588 πολλοὺς
864 3529 912 3585 δ’
946 3531 1212 3602 Ἀθήνας,
1248 3530 1468 3602 πατρίδ’
1511 3534 1584 3592 εἰς
1619 3532 1938 3601 θἐόκτιτον,

597 3615 882 3691 ἀνήγαγον
915 3619 1252 3691 πραθέντας,
1289 3616 1457 3672 ἄλλον
1497 3619 1737 3688 ἐκδίκως,

598 3702 768 3759 αλλον
803 3702 1041 3773 δικαίως,
1075 3705 1201 3762 τοὺς
1235 3702 1282 3759 δ’
1322 3702 1624 3774 αναγκαίης
1657 3707 1767 3761 ὑπὸ

592 3812 711 3867 ρει
715 3794 805 3851 οὖς
839 3789 1127 3864 φυγόντας,
1159 3791 1422 3864 γλῶσσαν
1458 3790 1627 3847 οὐκέτ’
1662 3793 1846 3846 Ἀττικ
1816 3793 1918 3860 κήν

596 3878 790 3947 ἱέντας,
828 3899 900 3938 ως
935 3900 1009 3932 αν
1041 3875 1288 3952 πολλαχῇ
1322 3879 1722 3948 πλανωμένους.

337 3970 378 4036 ²)
416 3981 523 4021 suo
564 3966 684 4021 iure
719 3966 787 4022 Ο.
824 3964 1193 4023 Schneiderus
1242 3964 1563 4020 Doederlini
1606 3965 1978 4021 coniecturam
2023 3965 2060 4020 1.
2095 3964 2134 4020 1.
2180 3981 2303 4036 pro-

191 4053 371 4109 latam
404 4050 684 4125 βοηφάγος
717 4068 830 4108 non
866 4052 1087 4123 recepit.

337 4142 385 4210 ²)
423 4138 543 4198 scil.
579 4140 831 4197 cadaveri
867 4156 904 4196 a
936 4138 1196 4195 basilisco
1229 4154 1429 4194 morso,
