<?xml version="1.0" encoding="UTF-8"?>
<!DOCTYPE html PUBLIC "-//W3C//DTD XHTML 1.0 Transitional//EN"
    "http://www.w3.org/TR/xhtml1/DTD/xhtml1-transitional.dtd">
<html xmlns="http://www.w3.org/1999/xhtml" xml:lang="en" lang="en">
 <head>
  <title>
</title>
<meta http-equiv="Content-Type" content="text/html;charset=utf-8" />
  <meta name='ocr-system' content='tesseract 3.04.00' />
  <meta name='ocr-capabilities' content='ocr_page ocr_carea ocr_par ocr_line ocrx_word'/>
</head>
<body>
  <div class='ocr_page' id='page_1' title='image "./decallimachohom00iangoog_0040.png"; bbox 0 0 2969 4832; ppageno 0'>
   <div class='ocr_carea' id='block_1_1' title="bbox 1524 360 1948 420">
    <p class='ocr_par' dir='ltr' id='par_1_1' title="bbox 1524 360 1948 420">
     <span class='ocr_line' id='line_1_1' title="bbox 1524 360 1948 420; baseline 0.002 -19"><span class='ocrx_word' id='word_1_1' title='bbox 1524 360 1948 420; x_wconf 74' lang='lat'>...38-</span> 
     </span>
    </p>
   </div>
   <div class='ocr_carea' id='block_1_2' title="bbox 685 509 2824 3403">
    <p class='ocr_par' dir='ltr' id='par_1_2' title="bbox 771 509 2750 614">
     <span class='ocr_line' id='line_1_2' title="bbox 771 509 2750 614; baseline 0.002 -26"><span class='ocrx_word' id='word_1_2' title='bbox 771 509 825 611; x_wconf 76' lang='grc' dir='ltr'><em>ᾧ</em></span> <span class='ocrx_word' id='word_1_3' title='bbox 870 522 944 589; x_wconf 87' lang='grc' dir='ltr'>δέ</span> <span class='ocrx_word' id='word_1_4' title='bbox 986 547 1056 589; x_wconf 85' lang='grc' dir='ltr'><strong><em>κε</em></strong></span> <span class='ocrx_word' id='word_1_5' title='bbox 1100 527 1229 591; x_wconf 82' lang='grc' dir='ltr'><strong><em>τῶν</em></strong></span> <span class='ocrx_word' id='word_1_6' title='bbox 1271 525 1517 611; x_wconf 75' lang='grc' dir='ltr'><strong><em>λυγρῶν</em></strong></span> <span class='ocrx_word' id='word_1_7' title='bbox 1563 521 1700 614; x_wconf 78' lang='grc' dir='ltr'>δώῃ</span> <span class='ocrx_word' id='word_1_8' title='bbox 1747 524 2111 609; x_wconf 88' lang='lat' dir='ltr'>(Iuppiter),</span> <span class='ocrx_word' id='word_1_9' title='bbox 2156 523 2448 614; x_wconf 81' lang='grc' dir='ltr'><strong><em>λωβητὸν</em></strong></span> <span class='ocrx_word' id='word_1_10' title='bbox 2492 520 2750 614; x_wconf 73' lang='grc' dir='ltr'><strong><em>ἔθηκεν,</em></strong></span> 
     </span>
    </p>

    <p class='ocr_par' dir='ltr' id='par_1_3' title="bbox 774 620 2554 718">
     <span class='ocr_line' id='line_1_3' title="bbox 774 620 2554 718; baseline 0.003 -28"><span class='ocrx_word' id='word_1_11' title='bbox 774 623 885 691; x_wconf 82' lang='grc' dir='ltr'>καὶ</span> <span class='ocrx_word' id='word_1_12' title='bbox 932 622 964 690; x_wconf 74' lang='grc' dir='ltr'><em>ἓ</em></span> <span class='ocrx_word' id='word_1_13' title='bbox 1007 620 1169 718; x_wconf 78' lang='grc' dir='ltr'><strong><em>κακὴ</em></strong></span> <span class='ocrx_word' id='word_1_14' title='bbox 1214 625 1621 715; x_wconf 82' lang='grc' dir='ltr'><em>βούβρωστις</em></span> <span class='ocrx_word' id='word_1_15' title='bbox 1668 626 1786 694; x_wconf 77' lang='grc' dir='ltr'><strong><em>ἐπὶ</em></strong></span> <span class='ocrx_word' id='word_1_16' title='bbox 1832 625 2048 712; x_wconf 76' lang='grc' dir='ltr'><strong><em>χθόνα</em></strong></span> <span class='ocrx_word' id='word_1_17' title='bbox 2094 628 2243 695; x_wconf 89' lang='grc' dir='ltr'><strong><em>δῖαν</em></strong></span> <span class='ocrx_word' id='word_1_18' title='bbox 2286 627 2554 711; x_wconf 77' lang='grc' dir='ltr'><strong><em>ἐλαύνει,</em></strong></span> 
     </span>
    </p>

    <p class='ocr_par' dir='ltr' id='par_1_4' title="bbox 685 722 2824 3403">
     <span class='ocr_line' id='line_1_4' title="bbox 770 722 2467 819; baseline 0.002 -24"><span class='ocrx_word' id='word_1_19' title='bbox 770 732 972 818; x_wconf 78' lang='grc' dir='ltr'><strong><em>φοιτᾷ</em></strong></span> <span class='ocrx_word' id='word_1_20' title='bbox 1015 722 1074 795; x_wconf 81' lang='grc' dir='ltr'>δ’</span> <span class='ocrx_word' id='word_1_21' title='bbox 1124 722 1268 797; x_wconf 65' lang='grc' dir='ltr'><strong><em>οὔτε</em></strong></span> <span class='ocrx_word' id='word_1_22' title='bbox 1312 735 1537 798; x_wconf 77' lang='grc' dir='ltr'><strong><em>θεοῖσι</em></strong></span> <span class='ocrx_word' id='word_1_23' title='bbox 1579 729 1908 815; x_wconf 79' lang='grc' dir='ltr'><strong><em>τετιμένος</em></strong></span> <span class='ocrx_word' id='word_1_24' title='bbox 1952 722 2094 797; x_wconf 61' lang='grc' dir='ltr'><strong><em>οὔτε</em></strong></span> <span class='ocrx_word' id='word_1_25' title='bbox 2136 736 2467 819; x_wconf 85' lang='grc' dir='ltr'><strong><em>βροτοῖσιν</em></strong></span> 
     </span>
     <span class='ocr_line' id='line_1_5' title="bbox 688 830 2800 922; baseline 0.002 -26"><span class='ocrx_word' id='word_1_26' title='bbox 688 854 818 916; x_wconf 90' lang='lat' dir='ltr'>quo</span> <span class='ocrx_word' id='word_1_27' title='bbox 865 853 946 897; x_wconf 88' lang='lat' dir='ltr'>ex</span> <span class='ocrx_word' id='word_1_28' title='bbox 989 832 1133 898; x_wconf 93' lang='lat' dir='ltr'>loco</span> <span class='ocrx_word' id='word_1_29' title='bbox 1181 855 1331 900; x_wconf 93' lang='lat' dir='ltr'>cum</span> <span class='ocrx_word' id='word_1_30' title='bbox 1376 835 1473 899; x_wconf 89' lang='lat' dir='ltr'>vis</span> <span class='ocrx_word' id='word_1_31' title='bbox 1519 834 1817 899; x_wconf 81' lang='lat' dir='ltr'>vocabuli</span> <span class='ocrx_word' id='word_1_32' title='bbox 1861 830 2267 922; x_wconf 80' lang='grc' dir='ltr'><strong><em>βούβρωστις</em></strong></span> <span class='ocrx_word' id='word_1_33' title='bbox 2321 857 2453 901; x_wconf 90' lang='lat' dir='ltr'>non</span> <span class='ocrx_word' id='word_1_34' title='bbox 2509 834 2800 901; x_wconf 81' lang='lat' dir='ltr'>dilucide</span> 
     </span>
     <span class='ocr_line' id='line_1_6' title="bbox 685 937 2805 1023; baseline 0.001 -24"><span class='ocrx_word' id='word_1_35' title='bbox 685 941 1057 1019; x_wconf 77' lang='lat' dir='ltr'>appareret,</span> <span class='ocrx_word' id='word_1_36' title='bbox 1102 958 1254 1001; x_wconf 90' lang='lat' dir='ltr'>vera</span> <span class='ocrx_word' id='word_1_37' title='bbox 1307 937 1781 1020; x_wconf 84' lang='lat' dir='ltr'>significatione</span> <span class='ocrx_word' id='word_1_38' title='bbox 1826 937 2111 1020; x_wconf 86' lang='lat' dir='ltr'>ambigui</span> <span class='ocrx_word' id='word_1_39' title='bbox 2158 938 2430 1003; x_wconf 85' lang='lat' dir='ltr'>fuerunt</span> <span class='ocrx_word' id='word_1_40' title='bbox 2470 942 2711 1023; x_wconf 87' lang='lat' dir='ltr'>poetae</span> <span class='ocrx_word' id='word_1_41' title='bbox 2739 944 2805 1003; x_wconf 91' lang='lat' dir='ltr'>et</span> 
     </span>
     <span class='ocr_line' id='line_1_7' title="bbox 686 1035 2805 1128; baseline 0.002 -26"><span class='ocrx_word' id='word_1_42' title='bbox 686 1039 1127 1121; x_wconf 77' lang='lat' dir='ltr'>grammatici3</span> <span class='ocrx_word' id='word_1_43' title='bbox 1171 1039 1249 1105; x_wconf 87' lang='lat' dir='ltr'>cf.</span> <span class='ocrx_word' id='word_1_44' title='bbox 1284 1039 1491 1106; x_wconf 89' lang='lat' dir='ltr'>schol.</span> <span class='ocrx_word' id='word_1_45' title='bbox 1526 1040 1642 1105; x_wconf 90' lang='lat' dir='ltr'>AD</span> <span class='ocrx_word' id='word_1_46' title='bbox 1688 1037 1926 1128; x_wconf 83' lang='grc' dir='ltr'><strong><em>κυρίως</em></strong></span> <span class='ocrx_word' id='word_1_47' title='bbox 1965 1039 2087 1124; x_wconf 83' lang='grc' dir='ltr'><strong><em>μὲν</em></strong></span> <span class='ocrx_word' id='word_1_48' title='bbox 2114 1035 2153 1107; x_wconf 65' lang='grc' dir='ltr'>’ὅ</span> <span class='ocrx_word' id='word_1_49' title='bbox 2196 1040 2405 1127; x_wconf 82' lang='grc' dir='ltr'><strong><em>μέγας</em></strong></span> <span class='ocrx_word' id='word_1_50' title='bbox 2449 1040 2560 1106; x_wconf 84' lang='grc' dir='ltr'>καὶ</span> <span class='ocrx_word' id='word_1_51' title='bbox 2604 1042 2805 1123; x_wconf 77' lang='grc' dir='ltr'><strong><em>χαλε-</em></strong></span> 
     </span>
     <span class='ocr_line' id='line_1_8' title="bbox 687 1133 2808 1234; baseline 0.002 -28"><span class='ocrx_word' id='word_1_52' title='bbox 687 1133 820 1220; x_wconf 84' lang='grc' dir='ltr'>πὸς</span> <span class='ocrx_word' id='word_1_53' title='bbox 863 1138 1055 1225; x_wconf 86' lang='grc' dir='ltr'><strong><em>λιμός</em></strong></span> <span class='ocrx_word' id='word_1_54' title='bbox 1090 1163 1104 1178; x_wconf 94' lang='grc'><em>·</em></span> <span class='ocrx_word' id='word_1_55' title='bbox 1141 1146 1246 1209; x_wconf 75' lang='grc' dir='ltr'>νῦν</span> <span class='ocrx_word' id='word_1_56' title='bbox 1290 1142 1365 1209; x_wconf 79' lang='grc' dir='ltr'>δὲ</span> <span class='ocrx_word' id='word_1_57' title='bbox 1422 1137 1570 1209; x_wconf 84' lang='grc' dir='ltr'><strong><em>ἀντὶ</em></strong></span> <span class='ocrx_word' id='word_1_58' title='bbox 1624 1147 1742 1234; x_wconf 82' lang='grc' dir='ltr'><strong><em>τῆς</em></strong></span> <span class='ocrx_word' id='word_1_59' title='bbox 1803 1141 2086 1231; x_wconf 79' lang='grc' dir='ltr'><strong><em>μεγάλης</em></strong></span> <span class='ocrx_word' id='word_1_60' title='bbox 2149 1138 2339 1225; x_wconf 88' lang='grc' dir='ltr'><strong><em>ἀνίας</em></strong></span> <span class='ocrx_word' id='word_1_61' title='bbox 2404 1143 2515 1211; x_wconf 81' lang='grc' dir='ltr'>καὶ</span> <span class='ocrx_word' id='word_1_62' title='bbox 2583 1143 2808 1232; x_wconf 81' lang='grc' dir='ltr'><strong><em>λύπης</em></strong></span> 
     </span>
     <span class='ocr_line' id='line_1_9' title="bbox 685 1240 2804 1337; baseline 0.003 -29"><span class='ocrx_word' id='word_1_63' title='bbox 685 1248 897 1310; x_wconf 87' lang='grc' dir='ltr'><strong><em>κεῖται</em></strong></span> <span class='ocrx_word' id='word_1_64' title='bbox 954 1240 992 1335; x_wconf 81' lang='grc' dir='ltr'><em>ἦ</em></span> <span class='ocrx_word' id='word_1_65' title='bbox 1046 1243 1243 1328; x_wconf 81' lang='grc' dir='ltr'><strong><em>λέξις.</em></strong></span> <span class='ocrx_word' id='word_1_66' title='bbox 1314 1241 1472 1313; x_wconf 72' lang='grc' dir='ltr'><strong><em>ἔνιοι</em></strong></span> <span class='ocrx_word' id='word_1_67' title='bbox 1528 1244 1602 1312; x_wconf 81' lang='grc' dir='ltr'>δὲ</span> <span class='ocrx_word' id='word_1_68' title='bbox 1654 1244 2057 1335; x_wconf 87' lang='grc' dir='ltr'><strong><em>βούβρωστιν</em></strong></span> <span class='ocrx_word' id='word_1_69' title='bbox 2109 1241 2225 1315; x_wconf 84' lang='grc' dir='ltr'><strong><em>τὸν</em></strong></span> <span class='ocrx_word' id='word_1_70' title='bbox 2281 1241 2542 1337; x_wconf 84' lang='grc' dir='ltr'><strong><em>οἶστρον</em></strong></span> <span class='ocrx_word' id='word_1_71' title='bbox 2563 1254 2614 1324; x_wconf 84' lang='lat'>1)</span> <span class='ocrx_word' id='word_1_72' title='bbox 2660 1247 2804 1331; x_wconf 79' lang='grc' dir='ltr'><strong><em>ἐξε-</em></strong></span> 
     </span>
     <span class='ocr_line' id='line_1_10' title="bbox 689 1342 2809 1438; baseline 0.002 -26"><span class='ocrx_word' id='word_1_73' title='bbox 689 1345 958 1429; x_wconf 82' lang='grc' dir='ltr'><strong><em>δέξαντο</em></strong></span> <span class='ocrx_word' id='word_1_74' title='bbox 969 1378 990 1430; x_wconf 85' lang='grc'>,-</span> <span class='ocrx_word' id='word_1_75' title='bbox 1045 1349 1246 1414; x_wconf 91' lang='lat' dir='ltr'>schol.</span> <span class='ocrx_word' id='word_1_76' title='bbox 1295 1348 1372 1417; x_wconf 90' lang='lat' dir='ltr'>B.</span> <span class='ocrx_word' id='word_1_77' title='bbox 1422 1346 1714 1429; x_wconf 85' lang='grc' dir='ltr'><strong><em>σύντονος</em></strong></span> <span class='ocrx_word' id='word_1_78' title='bbox 1758 1342 1951 1438; x_wconf 80' lang='grc' dir='ltr'><strong><em>ὀδύνη</em></strong></span> <span class='ocrx_word' id='word_1_79' title='bbox 1993 1347 2296 1437; x_wconf 79' lang='grc' dir='ltr'><strong><em>μεγάλως</em></strong></span> <span class='ocrx_word' id='word_1_80' title='bbox 2339 1344 2488 1431; x_wconf 81' lang='grc' dir='ltr'><strong><em>τοὺς</em></strong></span> <span class='ocrx_word' id='word_1_81' title='bbox 2532 1347 2809 1435; x_wconf 72' lang='grc' dir='ltr'><strong><em>ἔχοντας</em></strong></span> 
     </span>
     <span class='ocr_line' id='line_1_11' title="bbox 685 1444 2810 1543; baseline 0.003 -28"><span class='ocrx_word' id='word_1_82' title='bbox 685 1444 1125 1518; x_wconf 85' lang='grc' dir='ltr'><strong><em>ἀναλίσκουσα</em></strong></span> <span class='ocrx_word' id='word_1_83' title='bbox 1159 1473 1174 1488; x_wconf 91' lang='grc'><em>·</em></span> <span class='ocrx_word' id='word_1_84' title='bbox 1210 1449 1278 1517; x_wconf 79' lang='grc' dir='ltr'><strong><em>ἐν</em></strong></span> <span class='ocrx_word' id='word_1_85' title='bbox 1340 1444 1463 1539; x_wconf 83' lang='grc' dir='ltr'><strong><em>γὰρ</em></strong></span> <span class='ocrx_word' id='word_1_86' title='bbox 1504 1456 1654 1532; x_wconf 89' lang='grc' dir='ltr'><strong><em>ταῖς</em></strong></span> <span class='ocrx_word' id='word_1_87' title='bbox 1708 1445 2004 1534; x_wconf 76' lang='grc' dir='ltr'><strong><em>ἀτυχίαις</em></strong></span> <span class='ocrx_word' id='word_1_88' title='bbox 2062 1447 2197 1520; x_wconf 80' lang='grc' dir='ltr'><strong><em>ὑπὸ</em></strong></span> <span class='ocrx_word' id='word_1_89' title='bbox 2249 1453 2462 1543; x_wconf 84' lang='grc' dir='ltr'><strong><em>λύπης</em></strong></span> <span class='ocrx_word' id='word_1_90' title='bbox 2529 1451 2810 1535; x_wconf 72' lang='grc' dir='ltr'><strong><em>ἑαυτοὺς</em></strong></span> 
     </span>
     <span class='ocr_line' id='line_1_12' title="bbox 688 1549 2810 1644; baseline 0.002 -25"><span class='ocrx_word' id='word_1_91' title='bbox 688 1551 1026 1638; x_wconf 75' lang='grc' dir='ltr'><strong><em>ἐσθίομεν,</em></strong></span> <span class='ocrx_word' id='word_1_92' title='bbox 1074 1549 1305 1641; x_wconf 75' lang='grc' dir='ltr'><strong><em>ὥσπερ</em></strong></span> <span class='ocrx_word' id='word_1_93' title='bbox 1336 1552 1897 1644; x_wconf 83' lang='grc' dir='ltr'><strong><em>Βελλεροφόντης·</em></strong></span> <span class='ocrx_word' id='word_1_94' title='bbox 1927 1551 1991 1623; x_wconf 73' lang='grc' dir='ltr'>οἳ</span> <span class='ocrx_word' id='word_1_95' title='bbox 2038 1554 2112 1622; x_wconf 80' lang='grc' dir='ltr'>δὲ</span> <span class='ocrx_word' id='word_1_96' title='bbox 2143 1551 2575 1638; x_wconf 76' lang='grc' dir='ltr'><strong><em>ἀποδιδόντες</em></strong></span> <span class='ocrx_word' id='word_1_97' title='bbox 2605 1552 2810 1643; x_wconf 81' lang='grc' dir='ltr'><strong><em>λιμὸς</em></strong></span> 
     </span>
     <span class='ocr_line' id='line_1_13' title="bbox 686 1649 2812 1747; baseline 0.002 -25"><span class='ocrx_word' id='word_1_98' title='bbox 686 1649 1022 1743; x_wconf 74' lang='grc' dir='ltr'><strong><em>ἀγνοοῦσιν</em></strong></span> <span class='ocrx_word' id='word_1_99' title='bbox 1054 1653 1158 1724; x_wconf 79' lang='grc' dir='ltr'>ὅτι</span> <span class='ocrx_word' id='word_1_100' title='bbox 1190 1651 1260 1724; x_wconf 82' lang='grc' dir='ltr'>οὗ</span> <span class='ocrx_word' id='word_1_101' title='bbox 1288 1657 1613 1741; x_wconf 87' lang='grc' dir='ltr'><strong><em>λιμω’σσει</em></strong></span> <span class='ocrx_word' id='word_1_102' title='bbox 1644 1654 1969 1747; x_wconf 88' lang='grc' dir='ltr'><strong><em>Πρίαμος,</em></strong></span> <span class='ocrx_word' id='word_1_103' title='bbox 2018 1652 2158 1725; x_wconf 77' lang='grc' dir='ltr'><strong><em>ἀλλ’</em></strong></span> <span class='ocrx_word' id='word_1_104' title='bbox 2192 1653 2526 1728; x_wconf 83' lang='grc' dir='ltr'><strong><em>ὀδυνᾶται.</em></strong></span> <span class='ocrx_word' id='word_1_105' title='bbox 2597 1662 2812 1729; x_wconf 80' lang='lat' dir='ltr'>Addit</span> 
     </span>
     <span class='ocr_line' id='line_1_14' title="bbox 692 1757 2814 1853; baseline 0.004 -28"><span class='ocrx_word' id='word_1_106' title='bbox 692 1761 897 1829; x_wconf 89' lang='lat' dir='ltr'>schol.</span> <span class='ocrx_word' id='word_1_107' title='bbox 944 1760 1180 1827; x_wconf 87' lang='lat' dir='ltr'>Townl.</span> <span class='ocrx_word' id='word_1_108' title='bbox 1229 1766 1295 1826; x_wconf 91' lang='lat' dir='ltr'>et</span> <span class='ocrx_word' id='word_1_109' title='bbox 1340 1762 1396 1826; x_wconf 93' lang='lat' dir='ltr'>V</span> <span class='ocrx_word' id='word_1_110' title='bbox 1441 1757 1515 1828; x_wconf 83' lang='grc' dir='ltr'>οἳ</span> <span class='ocrx_word' id='word_1_111' title='bbox 1552 1760 1627 1828; x_wconf 79' lang='grc' dir='ltr'>δὲ</span> <span class='ocrx_word' id='word_1_112' title='bbox 1674 1760 1958 1847; x_wconf 88' lang='grc' dir='ltr'><strong><em>δαίμονα</em></strong></span> <span class='ocrx_word' id='word_1_113' title='bbox 2003 1757 2208 1853; x_wconf 76' lang='grc' dir='ltr'><strong><em>ἤνπερ</em></strong></span> <span class='ocrx_word' id='word_1_114' title='bbox 2251 1766 2615 1852; x_wconf 77' lang='grc' dir='ltr'><strong><em>κατηρῶπο</em></strong></span> <span class='ocrx_word' id='word_1_115' title='bbox 2659 1769 2814 1846; x_wconf 87' lang='grc' dir='ltr'><strong><em>τοῖς</em></strong></span> 
     </span>
     <span class='ocr_line' id='line_1_15' title="bbox 688 1856 2810 1957; baseline 0.003 -28"><span class='ocrx_word' id='word_1_116' title='bbox 688 1859 1062 1948; x_wconf 89' lang='grc' dir='ltr'><strong><em>πολεμίοις,</em></strong></span> <span class='ocrx_word' id='word_1_117' title='bbox 1130 1856 1296 1931; x_wconf 84' lang='grc' dir='ltr'><strong><em>εἶναι</em></strong></span> <span class='ocrx_word' id='word_1_118' title='bbox 1340 1863 1414 1930; x_wconf 81' lang='grc' dir='ltr'>δὲ</span> <span class='ocrx_word' id='word_1_119' title='bbox 1458 1856 1660 1956; x_wconf 75' lang='grc' dir='ltr'><strong><em>αὐτῆς</em></strong></span> <span class='ocrx_word' id='word_1_120' title='bbox 1704 1862 1779 1932; x_wconf 83' lang='grc' dir='ltr'>τὸ</span> <span class='ocrx_word' id='word_1_121' title='bbox 1827 1858 2000 1954; x_wconf 72' lang='grc' dir='ltr'><strong><em>ἱερὸν</em></strong></span> <span class='ocrx_word' id='word_1_122' title='bbox 2046 1864 2114 1933; x_wconf 77' lang='grc' dir='ltr'><strong><em>ἐν</em></strong></span> <span class='ocrx_word' id='word_1_123' title='bbox 2154 1865 2423 1957; x_wconf 80' lang='grc' dir='ltr'><strong><em>Σμύρνῃ,</em></strong></span> <span class='ocrx_word' id='word_1_124' title='bbox 2471 1890 2624 1935; x_wconf 92' lang='lat' dir='ltr'>cum</span> <span class='ocrx_word' id='word_1_125' title='bbox 2671 1891 2810 1953; x_wconf 85' lang='lat' dir='ltr'>quo</span> 
     </span>
     <span class='ocr_line' id='line_1_16' title="bbox 688 1967 2814 2054; baseline 0.003 -23"><span class='ocrx_word' id='word_1_126' title='bbox 688 1967 1163 2051; x_wconf 89' lang='lat' dir='ltr'>comparandus</span> <span class='ocrx_word' id='word_1_127' title='bbox 1210 1975 1311 2032; x_wconf 88' lang='lat' dir='ltr'>est</span> <span class='ocrx_word' id='word_1_128' title='bbox 1348 1968 1518 2037; x_wconf 83' lang='lat' dir='ltr'>Plut.</span> <span class='ocrx_word' id='word_1_129' title='bbox 1561 1973 1813 2052; x_wconf 88' lang='lat' dir='ltr'>quaest.</span> <span class='ocrx_word' id='word_1_130' title='bbox 1857 1969 2102 2035; x_wconf 85' lang='lat' dir='ltr'>conviv.</span> <span class='ocrx_word' id='word_1_131' title='bbox 2150 1970 2256 2036; x_wconf 91' lang='lat' dir='ltr'>VI.</span> <span class='ocrx_word' id='word_1_132' title='bbox 2291 1979 2347 2054; x_wconf 87' lang='grc'>8,</span> <span class='ocrx_word' id='word_1_133' title='bbox 2394 1980 2453 2052; x_wconf 90' lang='grc'>4,</span> <span class='ocrx_word' id='word_1_134' title='bbox 2498 1971 2814 2038; x_wconf 86' lang='lat' dir='ltr'>Eustath.</span> 
     </span>
     <span class='ocr_line' id='line_1_17' title="bbox 693 2070 2815 2157; baseline 0.004 -21"><span class='ocrx_word' id='word_1_135' title='bbox 693 2078 874 2149; x_wconf 88' lang='lat'>1663,</span> <span class='ocrx_word' id='word_1_136' title='bbox 923 2078 1022 2150; x_wconf 87' lang='lat'>60,</span> <span class='ocrx_word' id='word_1_137' title='bbox 1067 2070 1282 2154; x_wconf 84' lang='lat' dir='ltr'>Etym.</span> <span class='ocrx_word' id='word_1_138' title='bbox 1326 2071 1542 2154; x_wconf 83' lang='lat' dir='ltr'>Magn.</span> <span class='ocrx_word' id='word_1_139' title='bbox 1589 2078 1734 2152; x_wconf 84' lang='lat'>206,</span> <span class='ocrx_word' id='word_1_140' title='bbox 1784 2079 1884 2139; x_wconf 88' lang='grc'>39.</span> <span class='ocrx_word' id='word_1_141' title='bbox 1904 2072 1958 2156; x_wconf 74' lang='lat'>²)</span> <span class='ocrx_word' id='word_1_142' title='bbox 2057 2073 2134 2137; x_wconf 92' lang='lat' dir='ltr'>In</span> <span class='ocrx_word' id='word_1_143' title='bbox 2179 2074 2392 2157; x_wconf 83' lang='lat' dir='ltr'>Etym.</span> <span class='ocrx_word' id='word_1_144' title='bbox 2435 2073 2607 2145; x_wconf 81' lang='lat' dir='ltr'>Gud.</span> <span class='ocrx_word' id='word_1_145' title='bbox 2661 2084 2815 2155; x_wconf 89' lang='lat'>113,</span> 
     </span>
     <span class='ocr_line' id='line_1_18' title="bbox 688 2168 2811 2270; baseline 0.002 -30"><span class='ocrx_word' id='word_1_146' title='bbox 688 2180 770 2240; x_wconf 81' lang='lat'>24</span> <span class='ocrx_word' id='word_1_147' title='bbox 818 2172 1164 2239; x_wconf 81' lang='lat' dir='ltr'>exhibetur</span> <span class='ocrx_word' id='word_1_148' title='bbox 1217 2170 1617 2262; x_wconf 83' lang='grc' dir='ltr'><strong><em>βούβρωστις</em></strong></span> <span class='ocrx_word' id='word_1_149' title='bbox 1662 2168 1703 2265; x_wconf 80' lang='grc' dir='ltr'><em>ἦ</em></span> <span class='ocrx_word' id='word_1_150' title='bbox 1757 2171 2056 2260; x_wconf 79' lang='grc' dir='ltr'><strong><em>μεγάλως</em></strong></span> <span class='ocrx_word' id='word_1_151' title='bbox 2121 2172 2448 2242; x_wconf 74' lang='grc' dir='ltr'><strong><em>ἐσθίουσα</em></strong></span> <span class='ocrx_word' id='word_1_152' title='bbox 2512 2169 2693 2244; x_wconf 86' lang='grc' dir='ltr'><strong><em>ἀνία.</em></strong></span> <span class='ocrx_word' id='word_1_153' title='bbox 2768 2170 2811 2270; x_wconf 72' lang='grc' dir='ltr'>ἢ</span> 
     </span>
     <span class='ocr_line' id='line_1_19' title="bbox 686 2269 2818 2365; baseline 0.003 -24"><span class='ocrx_word' id='word_1_154' title='bbox 686 2274 874 2362; x_wconf 86' lang='grc' dir='ltr'><strong><em>λιμὸς</em></strong></span> <span class='ocrx_word' id='word_1_155' title='bbox 916 2269 992 2343; x_wconf 85' lang='grc' dir='ltr'>τὸ</span> <span class='ocrx_word' id='word_1_156' title='bbox 1022 2281 1242 2362; x_wconf 77' lang='grc' dir='ltr'><strong><em>σῶμας</em></strong></span> <span class='ocrx_word' id='word_1_157' title='bbox 1290 2276 1586 2343; x_wconf 87' lang='lat' dir='ltr'>Sturzius</span> <span class='ocrx_word' id='word_1_158' title='bbox 1634 2277 1932 2342; x_wconf 88' lang='lat' dir='ltr'>adnotat:</span> <span class='ocrx_word' id='word_1_159' title='bbox 1976 2276 2520 2365; x_wconf 85' lang='grc' dir='ltr'><strong><em>μεγάλως-σῶμα.</em></strong></span> <span class='ocrx_word' id='word_1_160' title='bbox 2596 2282 2818 2363; x_wconf 84' lang='lat' dir='ltr'>Male;</span> 
     </span>
     <span class='ocr_line' id='line_1_20' title="bbox 685 2380 2817 2470; baseline 0.004 -25"><span class='ocrx_word' id='word_1_161' title='bbox 685 2380 802 2446; x_wconf 88' lang='lat' dir='ltr'>sed</span> <span class='ocrx_word' id='word_1_162' title='bbox 847 2380 1177 2447; x_wconf 88' lang='lat' dir='ltr'>medelam</span> <span class='ocrx_word' id='word_1_163' title='bbox 1224 2403 1304 2446; x_wconf 86' lang='lat' dir='ltr'>ex</span> <span class='ocrx_word' id='word_1_164' title='bbox 1351 2381 1620 2447; x_wconf 83' lang='lat' dir='ltr'>Homeri</span> <span class='ocrx_word' id='word_1_165' title='bbox 1666 2380 1933 2448; x_wconf 83' lang='lat' dir='ltr'>scholiis</span> <span class='ocrx_word' id='word_1_166' title='bbox 1991 2380 2185 2448; x_wconf 85' lang='lat' dir='ltr'>facile</span> <span class='ocrx_word' id='word_1_167' title='bbox 2243 2384 2567 2465; x_wconf 66' lang='lat' dir='ltr'>invenias»,</span> <span class='ocrx_word' id='word_1_168' title='bbox 2640 2391 2817 2470; x_wconf 90' lang='lat' dir='ltr'>puto</span> 
     </span>
     <span class='ocr_line' id='line_1_21' title="bbox 685 2476 2820 2575; baseline 0.002 -26"><span class='ocrx_word' id='word_1_169' title='bbox 685 2485 859 2549; x_wconf 90' lang='lat' dir='ltr'>enim</span> <span class='ocrx_word' id='word_1_170' title='bbox 941 2476 1020 2551; x_wconf 87' lang='grc' dir='ltr'>τὸ</span> <span class='ocrx_word' id='word_1_171' title='bbox 1102 2490 1292 2568; x_wconf 82' lang='grc' dir='ltr'><strong><em>σῶμα</em></strong></span> <span class='ocrx_word' id='word_1_172' title='bbox 1371 2484 1793 2551; x_wconf 89' lang='lat' dir='ltr'>inserendum</span> <span class='ocrx_word' id='word_1_173' title='bbox 1871 2506 2011 2551; x_wconf 87' lang='lat' dir='ltr'>esse</span> <span class='ocrx_word' id='word_1_174' title='bbox 2096 2489 2268 2552; x_wconf 89' lang='lat' dir='ltr'>inter</span> <span class='ocrx_word' id='word_1_175' title='bbox 2353 2486 2656 2575; x_wconf 87' lang='grc' dir='ltr'><strong><em>μεγάλως</em></strong></span> <span class='ocrx_word' id='word_1_176' title='bbox 2746 2495 2820 2556; x_wconf 87' lang='lat' dir='ltr'>et</span> 
     </span>
     <span class='ocr_line' id='line_1_22' title="bbox 691 2582 2821 2660; baseline 0.003 -7"><span class='ocrx_word' id='word_1_177' title='bbox 691 2582 1033 2653; x_wconf 75' lang='grc' dir='ltr'><strong><em>ἐσθίουσα.</em></strong></span> <span class='ocrx_word' id='word_1_178' title='bbox 1103 2588 1242 2654; x_wconf 91' lang='lat' dir='ltr'>Iam</span> <span class='ocrx_word' id='word_1_179' title='bbox 1272 2609 1425 2653; x_wconf 90' lang='lat' dir='ltr'>vero</span> <span class='ocrx_word' id='word_1_180' title='bbox 1460 2586 1934 2654; x_wconf 85' lang='lat' dir='ltr'>Callimachum</span> <span class='ocrx_word' id='word_1_181' title='bbox 1979 2589 2378 2657; x_wconf 82' lang='lat' dir='ltr'>intellexisse</span> <span class='ocrx_word' id='word_1_182' title='bbox 2409 2591 2821 2660; x_wconf 87' lang='lat' dir='ltr'>vocabulum</span> 
     </span>
     <span class='ocr_line' id='line_1_23' title="bbox 685 2688 2818 2778; baseline 0.004 -24"><span class='ocrx_word' id='word_1_183' title='bbox 685 2688 1098 2778; x_wconf 86' lang='grc' dir='ltr'><strong><em>βούβρωστις</em></strong></span> <span class='ocrx_word' id='word_1_184' title='bbox 1194 2690 1574 2758; x_wconf 92' lang='lat' dir='ltr'>bulimum</span> <span class='ocrx_word' id='word_1_185' title='bbox 1656 2695 1960 2774; x_wconf 90' lang='lat' dir='ltr'>apertum</span> <span class='ocrx_word' id='word_1_186' title='bbox 2034 2697 2135 2758; x_wconf 90' lang='lat' dir='ltr'>est</span> <span class='ocrx_word' id='word_1_187' title='bbox 2209 2714 2245 2760; x_wconf 91' lang='lat' dir='ltr'>e</span> <span class='ocrx_word' id='word_1_188' title='bbox 2319 2693 2818 2763; x_wconf 87' lang='lat' dir='ltr'>sententiarum</span> 
     </span>
     <span class='ocr_line' id='line_1_24' title="bbox 691 2794 2819 2879; baseline 0.004 -23"><span class='ocrx_word' id='word_1_189' title='bbox 691 2813 972 2870; x_wconf 86' lang='lat' dir='ltr'>conexu;</span> <span class='ocrx_word' id='word_1_190' title='bbox 1040 2794 1220 2859; x_wconf 85' lang='lat' dir='ltr'>venit</span> <span class='ocrx_word' id='word_1_191' title='bbox 1274 2801 1497 2860; x_wconf 88' lang='lat' dir='ltr'>autem</span> <span class='ocrx_word' id='word_1_192' title='bbox 1551 2794 1636 2859; x_wconf 90' lang='lat' dir='ltr'>ad</span> <span class='ocrx_word' id='word_1_193' title='bbox 1690 2794 1857 2859; x_wconf 91' lang='lat' dir='ltr'>hanc</span> <span class='ocrx_word' id='word_1_194' title='bbox 1918 2795 2465 2879; x_wconf 85' lang='lat' dir='ltr'>significationem</span> <span class='ocrx_word' id='word_1_195' title='bbox 2508 2796 2819 2865; x_wconf 85' lang='lat' dir='ltr'>Homero</span> 
     </span>
     <span class='ocr_line' id='line_1_25' title="bbox 686 2896 2820 2980; baseline 0.003 -19"><span class='ocrx_word' id='word_1_196' title='bbox 686 2896 1215 2980; x_wconf 79' lang='lat' dir='ltr'>interpretand03</span> <span class='ocrx_word' id='word_1_197' title='bbox 1285 2918 1437 2963; x_wconf 90' lang='lat' dir='ltr'>nam</span> <span class='ocrx_word' id='word_1_198' title='bbox 1502 2896 1675 2963; x_wconf 91' lang='lat' dir='ltr'>hunc</span> <span class='ocrx_word' id='word_1_199' title='bbox 1731 2896 2133 2965; x_wconf 86' lang='lat' dir='ltr'>Callimacho</span> <span class='ocrx_word' id='word_1_200' title='bbox 2189 2906 2343 2966; x_wconf 88' lang='lat' dir='ltr'>ante</span> <span class='ocrx_word' id='word_1_201' title='bbox 2401 2900 2630 2965; x_wconf 89' lang='lat' dir='ltr'>oculos</span> <span class='ocrx_word' id='word_1_202' title='bbox 2690 2901 2820 2967; x_wconf 92' lang='lat' dir='ltr'>ob-</span> 
     </span>
     <span class='ocr_line' id='line_1_26' title="bbox 687 2998 2821 3086; baseline 0.004 -23"><span class='ocrx_word' id='word_1_203' title='bbox 687 3006 1018 3066; x_wconf 87' lang='lat' dir='ltr'>versatum</span> <span class='ocrx_word' id='word_1_204' title='bbox 1064 3021 1207 3065; x_wconf 90' lang='lat' dir='ltr'>esse</span> <span class='ocrx_word' id='word_1_205' title='bbox 1253 3000 1355 3065; x_wconf 90' lang='lat' dir='ltr'>vel</span> <span class='ocrx_word' id='word_1_206' title='bbox 1410 3022 1492 3066; x_wconf 85' lang='lat' dir='ltr'>ex</span> <span class='ocrx_word' id='word_1_207' title='bbox 1546 2999 1870 3066; x_wconf 88' lang='lat' dir='ltr'>attributo</span> <span class='ocrx_word' id='word_1_208' title='bbox 1927 2998 2109 3083; x_wconf 85' lang='grc' dir='ltr'><strong><em>κακά,</em></strong></span> <span class='ocrx_word' id='word_1_209' title='bbox 2169 3002 2343 3086; x_wconf 89' lang='lat' dir='ltr'>quod</span> <span class='ocrx_word' id='word_1_210' title='bbox 2404 3005 2607 3071; x_wconf 89' lang='lat' dir='ltr'>etiam</span> <span class='ocrx_word' id='word_1_211' title='bbox 2671 3005 2821 3072; x_wconf 89' lang='lat' dir='ltr'>Ho-</span> 
     </span>
     <span class='ocr_line' id='line_1_27' title="bbox 686 3103 2822 3191; baseline 0.003 -22"><span class='ocrx_word' id='word_1_212' title='bbox 686 3124 903 3170; x_wconf 88' lang='lat' dir='ltr'>merus</span> <span class='ocrx_word' id='word_1_213' title='bbox 950 3103 1167 3185; x_wconf 86' lang='lat' dir='ltr'>habet,</span> <span class='ocrx_word' id='word_1_214' title='bbox 1215 3108 1509 3187; x_wconf 86' lang='lat' dir='ltr'>apparet.</span> <span class='ocrx_word' id='word_1_215' title='bbox 1596 3104 1701 3168; x_wconf 90' lang='lat' dir='ltr'>Ita</span> <span class='ocrx_word' id='word_1_216' title='bbox 1745 3104 1949 3187; x_wconf 82' lang='lat' dir='ltr'>igitur</span> <span class='ocrx_word' id='word_1_217' title='bbox 1996 3104 2462 3172; x_wconf 85' lang='lat' dir='ltr'>consideravit:</span> <span class='ocrx_word' id='word_1_218' title='bbox 2507 3106 2576 3172; x_wconf 90' lang='lat' dir='ltr'>id</span> <span class='ocrx_word' id='word_1_219' title='bbox 2624 3109 2822 3191; x_wconf 86' lang='lat' dir='ltr'>quod</span> 
     </span>
     <span class='ocr_line' id='line_1_28' title="bbox 686 3203 2824 3293; baseline 0.004 -23"><span class='ocrx_word' id='word_1_220' title='bbox 686 3207 981 3272; x_wconf 90' lang='lat' dir='ltr'>homines</span> <span class='ocrx_word' id='word_1_221' title='bbox 1030 3204 1149 3272; x_wconf 74' lang='grc' dir='ltr'><strong><em>ἐπὶ</em></strong></span> <span class='ocrx_word' id='word_1_222' title='bbox 1192 3203 1410 3288; x_wconf 77' lang='grc' dir='ltr'><strong><em>χθόνα</em></strong></span> <span class='ocrx_word' id='word_1_223' title='bbox 1455 3206 1604 3272; x_wconf 85' lang='grc' dir='ltr'><strong><em>δῖαν</em></strong></span> <span class='ocrx_word' id='word_1_224' title='bbox 1650 3203 1925 3289; x_wconf 79' lang='grc' dir='ltr'><strong><em>ἐλαύνει,</em></strong></span> <span class='ocrx_word' id='word_1_225' title='bbox 1996 3212 2098 3273; x_wconf 88' lang='lat' dir='ltr'>est</span> <span class='ocrx_word' id='word_1_226' title='bbox 2140 3216 2498 3293; x_wconf 87' lang='lat' dir='ltr'>paupertas</span> <span class='ocrx_word' id='word_1_227' title='bbox 2546 3215 2619 3275; x_wconf 88' lang='lat' dir='ltr'>et</span> <span class='ocrx_word' id='word_1_228' title='bbox 2665 3212 2824 3279; x_wconf 90' lang='lat' dir='ltr'>ino-</span> 
     </span>
     <span class='ocr_line' id='line_1_29' title="bbox 688 3309 2824 3403; baseline 0.005 -30"><span class='ocrx_word' id='word_1_229' title='bbox 688 3312 871 3393; x_wconf 52' lang='lat' dir='ltr'>piass)</span> <span class='ocrx_word' id='word_1_230' title='bbox 962 3309 1116 3375; x_wconf 90' lang='lat' dir='ltr'>Tale</span> <span class='ocrx_word' id='word_1_231' title='bbox 1164 3309 1320 3394; x_wconf 92' lang='lat' dir='ltr'>quid</span> <span class='ocrx_word' id='word_1_232' title='bbox 1367 3310 1573 3393; x_wconf 87' lang='lat' dir='ltr'>igitur</span> <span class='ocrx_word' id='word_1_233' title='bbox 1618 3310 1964 3376; x_wconf 83' lang='lat' dir='ltr'>videbatur</span> <span class='ocrx_word' id='word_1_234' title='bbox 2019 3311 2081 3375; x_wconf 93' lang='lat' dir='ltr'>ei</span> <span class='ocrx_word' id='word_1_235' title='bbox 2137 3312 2339 3378; x_wconf 89' lang='lat' dir='ltr'>etiam</span> <span class='ocrx_word' id='word_1_236' title='bbox 2366 3309 2824 3403; x_wconf 49' lang='grc' dir='ltr'>Ἠβούβρωστις</span> 
     </span>
    </p>
   </div>
   <div class='ocr_carea' id='block_1_3' title="bbox 689 3477 1108 3487">
    <p class='ocr_par' dir='ltr' id='par_1_5' title="bbox 689 3477 1108 3487">
     <span class='ocr_line' id='line_1_30' title="bbox 689 3477 1108 3487; baseline 0 1345"><span class='ocrx_word' id='word_1_237' title='bbox 689 3477 1108 3487; x_wconf 95' lang='lat' dir='ltr'> </span> 
     </span>
    </p>
   </div>
   <div class='ocr_carea' id='block_1_4' title="bbox 686 3549 2951 4243">
    <p class='ocr_par' dir='ltr' id='par_1_6' title="bbox 686 3549 2827 4054">
     <span class='ocr_line' id='line_1_31' title="bbox 830 3549 2825 3623; baseline 0.004 -17"><span class='ocrx_word' id='word_1_238' title='bbox 830 3555 872 3622; x_wconf 86' lang='lat'>¹)</span> <span class='ocrx_word' id='word_1_239' title='bbox 913 3551 1005 3607; x_wconf 83' lang='lat' dir='ltr'>Sic</span> <span class='ocrx_word' id='word_1_240' title='bbox 1058 3549 1431 3605; x_wconf 85' lang='lat' dir='ltr'>Doederlinus</span> <span class='ocrx_word' id='word_1_241' title='bbox 1491 3550 1807 3606; x_wconf 83' lang='lat' dir='ltr'>emendavit</span> <span class='ocrx_word' id='word_1_242' title='bbox 1863 3567 1965 3623; x_wconf 90' lang='lat' dir='ltr'>pro</span> <span class='ocrx_word' id='word_1_243' title='bbox 2024 3551 2215 3606; x_wconf 80' lang='grc' dir='ltr'><strong><em>οἶκτον</em></strong></span> <span class='ocrx_word' id='word_1_244' title='bbox 2272 3555 2330 3609; x_wconf 89' lang='lat' dir='ltr'>in</span> <span class='ocrx_word' id='word_1_245' title='bbox 2385 3552 2572 3609; x_wconf 81' lang='lat' dir='ltr'>Gloss.</span> <span class='ocrx_word' id='word_1_246' title='bbox 2629 3555 2825 3614; x_wconf 89' lang='lat' dir='ltr'>Hom.</span> 
     </span>
     <span class='ocr_line' id='line_1_32' title="bbox 688 3634 2825 3713; baseline 0.002 -21"><span class='ocrx_word' id='word_1_247' title='bbox 688 3638 798 3692; x_wconf 88' lang='lat' dir='ltr'>No.</span> <span class='ocrx_word' id='word_1_248' title='bbox 835 3639 933 3693; x_wconf 83' lang='lat'>117</span> <span class='ocrx_word' id='word_1_249' title='bbox 971 3637 1138 3691; x_wconf 80' lang='lat' dir='ltr'>nixus</span> <span class='ocrx_word' id='word_1_250' title='bbox 1173 3634 1345 3690; x_wconf 81' lang='lat' dir='ltr'>schol.</span> <span class='ocrx_word' id='word_1_251' title='bbox 1384 3636 1527 3691; x_wconf 78' lang='lat' dir='ltr'>Plat.</span> <span class='ocrx_word' id='word_1_252' title='bbox 1564 3654 1619 3708; x_wconf 89' lang='lat' dir='ltr'>p.</span> <span class='ocrx_word' id='word_1_253' title='bbox 1645 3638 1747 3693; x_wconf 80' lang='lat'>152</span> <span class='ocrx_word' id='word_1_254' title='bbox 1782 3636 2007 3691; x_wconf 84' lang='lat' dir='ltr'>Ruhnk.</span> <span class='ocrx_word' id='word_1_255' title='bbox 2051 3637 2401 3711; x_wconf 76' lang='grc' dir='ltr'><strong><em>βούβρωστις</em></strong></span> <span class='ocrx_word' id='word_1_256' title='bbox 2426 3660 2438 3672; x_wconf 93' lang='grc'><em>·</em></span> <span class='ocrx_word' id='word_1_257' title='bbox 2461 3649 2716 3712; x_wconf 81' lang='grc' dir='ltr'><strong><em>πονηρία</em></strong></span> <span class='ocrx_word' id='word_1_258' title='bbox 2745 3660 2759 3673; x_wconf 89' lang='grc'><em>·</em></span> <span class='ocrx_word' id='word_1_259' title='bbox 2788 3645 2825 3713; x_wconf 87' lang='grc' dir='ltr'>ἢ</span> 
     </span>
     <span class='ocr_line' id='line_1_33' title="bbox 686 3720 2827 3802; baseline 0.006 -27"><span class='ocrx_word' id='word_1_260' title='bbox 686 3729 852 3795; x_wconf 76' lang='grc' dir='ltr'><strong><em>μέγας</em></strong></span> <span class='ocrx_word' id='word_1_261' title='bbox 899 3723 1050 3793; x_wconf 80' lang='grc' dir='ltr'><strong><em>λιμός</em></strong></span> <span class='ocrx_word' id='word_1_262' title='bbox 1070 3742 1081 3754; x_wconf 91' lang='grc'><em>·</em></span> <span class='ocrx_word' id='word_1_263' title='bbox 1103 3721 1160 3774; x_wconf 89' lang='grc' dir='ltr'>οἱ</span> <span class='ocrx_word' id='word_1_264' title='bbox 1209 3720 1270 3775; x_wconf 80' lang='grc' dir='ltr'>δὲ</span> <span class='ocrx_word' id='word_1_265' title='bbox 1323 3722 1549 3797; x_wconf 81' lang='grc' dir='ltr'><strong><em>οἶστρον</em></strong></span> <span class='ocrx_word' id='word_1_266' title='bbox 1572 3744 1584 3756; x_wconf 87' lang='lat'><strong>·</strong></span> <span class='ocrx_word' id='word_1_267' title='bbox 1609 3721 1643 3791; x_wconf 84' lang='grc' dir='ltr'>ἢ</span> <span class='ocrx_word' id='word_1_268' title='bbox 1679 3720 1950 3776; x_wconf 75' lang='grc' dir='ltr'><strong><em>ἀσθένεια</em></strong></span> <span class='ocrx_word' id='word_1_269' title='bbox 1994 3729 2050 3779; x_wconf 81' lang='lat' dir='ltr'>et</span> <span class='ocrx_word' id='word_1_270' title='bbox 2085 3725 2331 3796; x_wconf 78' lang='lat' dir='ltr'>Hesyeh.</span> <span class='ocrx_word' id='word_1_271' title='bbox 2388 3727 2489 3796; x_wconf 83' lang='lat' dir='ltr'>(ita</span> <span class='ocrx_word' id='word_1_272' title='bbox 2539 3727 2650 3800; x_wconf 84' lang='lat' dir='ltr'>leg.</span> <span class='ocrx_word' id='word_1_273' title='bbox 2714 3748 2827 3802; x_wconf 86' lang='lat' dir='ltr'>pro</span> 
     </span>
     <span class='ocr_line' id='line_1_34' title="bbox 690 3807 2825 3883; baseline 0.005 -19"><span class='ocrx_word' id='word_1_274' title='bbox 690 3809 945 3878; x_wconf 85' lang='lat' dir='ltr'>Hesiod.)</span> <span class='ocrx_word' id='word_1_275' title='bbox 983 3808 1330 3883; x_wconf 78' lang='grc' dir='ltr'><strong><em>βούβρωστις</em></strong></span> <span class='ocrx_word' id='word_1_276' title='bbox 1362 3807 1569 3881; x_wconf 81' lang='grc' dir='ltr'><strong><em>μεγάλη</em></strong></span> <span class='ocrx_word' id='word_1_277' title='bbox 1605 3816 1770 3863; x_wconf 83' lang='grc' dir='ltr'><strong><em>πενία</em></strong></span> <span class='ocrx_word' id='word_1_278' title='bbox 1809 3809 1928 3881; x_wconf 92' lang='lat' dir='ltr'>(ubi</span> <span class='ocrx_word' id='word_1_279' title='bbox 1963 3815 2093 3867; x_wconf 84' lang='lat' dir='ltr'>ante</span> <span class='ocrx_word' id='word_1_280' title='bbox 2127 3813 2527 3869; x_wconf 87' lang='lat' dir='ltr'>Doederlinum</span> <span class='ocrx_word' id='word_1_281' title='bbox 2574 3814 2700 3870; x_wconf 84' lang='lat' dir='ltr'>iam</span> <span class='ocrx_word' id='word_1_282' title='bbox 2741 3817 2825 3874; x_wconf 78' lang='lat' dir='ltr'>Is,</span> 
     </span>
     <span class='ocr_line' id='line_1_35' title="bbox 690 3895 2825 3979; baseline 0.003 -27"><span class='ocrx_word' id='word_1_283' title='bbox 690 3897 927 3952; x_wconf 78' lang='lat' dir='ltr'>Vossius</span> <span class='ocrx_word' id='word_1_284' title='bbox 961 3896 1193 3952; x_wconf 73' lang='lat' dir='ltr'>coniecit</span> <span class='ocrx_word' id='word_1_285' title='bbox 1225 3898 1411 3964; x_wconf 80' lang='grc' dir='ltr'><strong><em>πεῖνα)</em></strong></span> <span class='ocrx_word' id='word_1_286' title='bbox 1448 3895 1593 3964; x_wconf 87' lang='grc' dir='ltr'><strong><em>λύπη</em></strong></span> <span class='ocrx_word' id='word_1_287' title='bbox 1615 3916 1627 3928; x_wconf 95' lang='grc'><em>·</em></span> <span class='ocrx_word' id='word_1_288' title='bbox 1652 3895 1893 3968; x_wconf 77' lang='grc' dir='ltr'><strong><em>ζωύφιον</em></strong></span> <span class='ocrx_word' id='word_1_289' title='bbox 1917 3917 1929 3930; x_wconf 88' lang='grc'><em>·</em></span> <span class='ocrx_word' id='word_1_290' title='bbox 1964 3903 2128 3970; x_wconf 79' lang='grc' dir='ltr'><strong><em>μέγας</em></strong></span> <span class='ocrx_word' id='word_1_291' title='bbox 2162 3898 2312 3969; x_wconf 76' lang='grc' dir='ltr'><strong><em>λιμός</em></strong></span> <span class='ocrx_word' id='word_1_292' title='bbox 2349 3920 2361 3934; x_wconf 90' lang='grc'><em>·</em></span> <span class='ocrx_word' id='word_1_293' title='bbox 2398 3899 2552 3971; x_wconf 86' lang='grc' dir='ltr'><strong><em>λύμη,</em></strong></span> <span class='ocrx_word' id='word_1_294' title='bbox 2590 3903 2825 3979; x_wconf 73' lang='grc' dir='ltr'><strong><em>φθορά,</em></strong></span> 
     </span>
     <span class='ocr_line' id='line_1_36' title="bbox 689 3982 924 4054; baseline 0.017 -18"><span class='ocrx_word' id='word_1_295' title='bbox 689 3982 924 4054; x_wconf 73' lang='grc' dir='ltr'><strong><em>φθόνος.</em></strong></span> 
     </span>
    </p>

    <p class='ocr_par' dir='ltr' id='par_1_7' title="bbox 829 4069 2951 4147">
     <span class='ocr_line' id='line_1_37' title="bbox 829 4069 2951 4147; baseline 0.003 -24"><span class='ocrx_word' id='word_1_296' title='bbox 829 4073 871 4136; x_wconf 77' lang='lat'>2)</span> <span class='ocrx_word' id='word_1_297' title='bbox 908 4069 986 4124; x_wconf 92' lang='lat' dir='ltr'>ibi</span> <span class='ocrx_word' id='word_1_298' title='bbox 1020 4086 1241 4141; x_wconf 89' lang='lat' dir='ltr'>quoque</span> <span class='ocrx_word' id='word_1_299' title='bbox 1277 4070 1468 4124; x_wconf 78' lang='grc' dir='ltr'><strong><em>οἶκτον</em></strong></span> <span class='ocrx_word' id='word_1_300' title='bbox 1501 4085 1605 4141; x_wconf 90' lang='lat' dir='ltr'>pro</span> <span class='ocrx_word' id='word_1_301' title='bbox 1641 4069 1869 4143; x_wconf 80' lang='grc' dir='ltr'><strong><em>οἶστρον</em></strong></span> <span class='ocrx_word' id='word_1_302' title='bbox 1905 4076 2106 4127; x_wconf 78' lang='lat' dir='ltr'>exstat.</span> <span class='ocrx_word' id='word_1_303' title='bbox 2950 4088 2951 4147; x_wconf 68' lang='lat' dir='ltr'>j</span> 
     </span>
    </p>

    <p class='ocr_par' dir='ltr' id='par_1_8' title="bbox 839 4155 2951 4243">
     <span class='ocr_line' id='line_1_38' title="bbox 839 4155 2951 4243; baseline 0.005 -33"><span class='ocrx_word' id='word_1_304' title='bbox 839 4160 882 4225; x_wconf 77' lang='lat'>⁸)</span> <span class='ocrx_word' id='word_1_305' title='bbox 921 4155 991 4212; x_wconf 84' lang='lat' dir='ltr'>cf.</span> <span class='ocrx_word' id='word_1_306' title='bbox 1029 4157 1249 4213; x_wconf 86' lang='lat' dir='ltr'>Solonis</span> <span class='ocrx_word' id='word_1_307' title='bbox 1283 4157 1444 4228; x_wconf 74' lang='lat' dir='ltr'>frgm,</span> <span class='ocrx_word' id='word_1_308' title='bbox 1481 4159 1552 4212; x_wconf 81' lang='lat'>32</span> <span class='ocrx_word' id='word_1_309' title='bbox 1589 4156 1776 4226; x_wconf 88' lang='lat' dir='ltr'>(Hill.)</span> <span class='ocrx_word' id='word_1_310' title='bbox 1812 4156 1870 4210; x_wconf 90' lang='lat' dir='ltr'>in</span> <span class='ocrx_word' id='word_1_311' title='bbox 1908 4158 2136 4213; x_wconf 84' lang='lat' dir='ltr'>Aristot.</span> <span class='ocrx_word' id='word_1_312' title='bbox 2174 4158 2389 4230; x_wconf 89' lang='lat' dir='ltr'>republ.</span> <span class='ocrx_word' id='word_1_313' title='bbox 2428 4160 2636 4218; x_wconf 87' lang='lat' dir='ltr'>Athen.</span> <span class='ocrx_word' id='word_1_314' title='bbox 2681 4163 2827 4221; x_wconf 88' lang='lat' dir='ltr'>XII</span> <span class='ocrx_word' id='word_1_315' title='bbox 2950 4232 2951 4243; x_wconf 12' lang='grc' dir='ltr'><strong><em>η</em></strong></span> 
     </span>
    </p>
   </div>
   <div class='ocr_carea' id='block_1_5' title="bbox 2940 2 2961 3889">
    <p class='ocr_par' dir='ltr' id='par_1_9' title="bbox 2940 2 2961 3889">
     <span class='ocr_line' id='line_1_39' title="bbox 2940 2 2961 3889; baseline 0 0"><span class='ocrx_word' id='word_1_316' title='bbox 2940 2 2961 3889; x_wconf 95' lang='lat' dir='ltr'> </span> 
     </span>
    </p>
   </div>
   <div class='ocr_carea' id='block_1_6' title="bbox 2949 4284 2952 4807">
    <p class='ocr_par' dir='ltr' id='par_1_10' title="bbox 2949 4284 2952 4807">
     <span class='ocr_line' id='line_1_40' title="bbox 2949 4284 2952 4807; baseline 0 0"><span class='ocrx_word' id='word_1_317' title='bbox 2949 4284 2952 4807; x_wconf 95' lang='lat' dir='ltr'> </span> 
     </span>
    </p>
   </div>
  </div>
 </body>
</html>
