2969 4832
1076 295 1502 355 ..21-

230 459 605 544 Hesychius
649 460 822 525 enim
868 459 1197 544 intellegit
1239 455 1274 526 ὁ
1319 453 1667 548 εὖτραφής,
1716 458 1830 523 secl
1875 459 2071 547 schol.
2116 458 2223 524 BL
2268 458 2352 524 ad

231 563 428 628 Hom.
475 568 517 628 I
558 571 678 632 124

1300 650 1585 731 ,δώδεκα
1630 655 1687 729 δ’
1734 663 1992 743 ἵππους

456 760 700 858 πηγοὺς
745 760 1189 857 ἀθλοφόρους,
1237 765 1307 833 οἳ
1351 760 1597 834 ἀέθλια
1644 765 1902 859 ποσσὶν,
1934 759 2165 854 ἶίροντο

231 873 334 937 ait
399 871 643 960 πηγοὺς
676 892 690 908 ·
730 871 1015 955 μέλανας
1043 891 1057 906 ·
1097 867 1367 950 τούτους
1439 867 1563 957 γὰρ
1628 864 1941 958 ἀρίστους
2018 869 2223 961 φασὶν
2289 868 2351 938 οἱ

233 974 396 1063 περὶ
450 976 686 1041 ἵππω-ν
740 971 1114 1062 γράψαντες
1147 995 1161 1011 ·
1193 967 1437 1058 ὁμοίως
1490 971 1602 1039 καὶ
1668 970 1945 1058 ,,κύματι
1991 978 2245 1063 πηγῷίι,
2293 971 2363 1041 εἴ

229 1102 304 1165 γε
350 1072 631 1160 ἀλλαχοῦ
687 1076 855 1166 φησὶ
910 1075 1152 1161 ,,μέλαν
1209 1075 1283 1143 τέ
1329 1072 1360 1141 ἓ
1403 1070 1547 1161 κῦμ’
1607 1073 1986 1163 ἕκοὶλυψεν.“
2043 1076 2219 1158 τινὲς
2278 1077 2351 1143 δὲ

229 1180 586 1268 μεγάλους,
653 1173 1017 1270 εὐτραφεῖς,
1089 1175 1491 1267 ὕψαύχενας,·
1553 1184 1619 1244 et
1673 1179 1875 1247 schol.
1924 1180 2147 1259 EPQV
2190 1180 2275 1246 ad
2322 1205 2352 1246 ε

231 1292 361 1353 388
451 1281 686 1368 κύματι
765 1288 955 1372 πηγῷ
989 1307 1000 1320 ·
1033 1279 1127 1349 οἳ·
1168 1283 1289 1368 μὲν
1365 1281 1872 1371 γλωσσογράφοι
1943 1280 2174 1366 μέλανι
2241 1284 2352 1350 καὶ

229 1383 497 1475 ἰσχυρῷ,
547 1389 862 1476 [ψυχρῷ],
908 1383 1260 1475 ἅδιαλύτῳ,
1307 1384 1482 1466 τινὲς
1535 1385 1609 1452 δὲ
1659 1382 2008 1474 γαληναίῳ.
2054 1376 2353 1476 κρεῖσσον

231 1489 311 1556 δὲ
367 1482 659 1576 εὐπαγεῖ,
716 1484 1021 1579 εὖτραφεῖ
1073 1489 1184 1556 καὶ
1237 1483 1596 1576 εὐμεγέθει.
1686 1489 1912 1573 Etym.
1943 1490 2158 1573 Magn.
2208 1499 2351 1571 669,

227 1603 345 1675 253
393 1592 473 1658 ef.
522 1594 718 1659 etiam
767 1615 816 1660 S.
862 1616 920 1658 v,
964 1592 1456 1679 πηγεσιμάλλῳ.
1524 1593 1678 1658 HeS.
1724 1599 1944 1658 autem
1992 1592 2177 1657 dicit:
2226 1619 2352 1680 πη-

226 1695 343 1784 γὸν
400 1690 471 1763 οἵ
511 1693 633 1780 μὲν
684 1693 910 1763 λευκὸν
940 1718 956 1733 ·
990 1691 1050 1762 οὶ
1099 1694 1172 1761 δὲ
1215 1692 1438 1779 μέλαν.
1500 1694 1611 1761 καὶ
1679 1688 1972 1786 εὐτραφῆ
1982 1747 1997 1776 ,
2064 1689 2111 1786 ἢ
2151 1695 2352 1782 μέγα,

226 1799 311 1865 of.
359 1822 408 1867 s,
458 1821 510 1864 v,
559 1797 1044 1887 πηγεσιμάλλῳ.
1136 1798 1782 1882 Denique-Eustath.
1833 1805 1978 1879 403,
2024 1806 2106 1865 42
2152 1797 2232 1865 τὸ
2277 1796 2350 1864 δὲ

230 1900 705 1990 πηγεσιμάλλῳ
759 1896 906 1968 ἀντὶ
963 1906 1074 1968 τοῦ
1116 1897 1596 1989 μελανομοὶλλῳ.
1658 1895 1694 1967 o‘
1736 1899 1858 1989 γὰρ
1900 1906 2187 1980 τοιοῦτος
2230 1894 2351 1988 ἅρ-

225 2003 404 2085 νειός
448 2000 514 2071 ἓν
556 2001 819 2093 μεγάλῳ
866 2007 1068 2094 λευκῷ
1117 2002 1404 2092 ποιμνίῳ
1452 1991 1815 2093 διάδηλοςῑ)
1860 2002 1971 2070 καὶ
2017 2007 2187 2087 κῢμα
2230 1997 2351 2091 γὰρ

228 2101 446 2196 πηγὸν
500 2104 576 2175 τὸ
633 2107 855 2193 μέλαν.
916 2105 979 2174 οἱ
1048 2106 1121 2174 δὲ
1188 2103 1677 2196 πηγεσίμαλλον
1739 2100 1855 2174 τὸν
1918 2103 2352 2190 λευκόμαλλόν

227 2231 460 2299 φασιν,
507 2206 596 2292 ὥς
639 2210 750 2277 καὶ
793 2236 908 2277 του
940 2208 1373 2300 Λυκόφρονος
1416 2211 1757 2295 πλόκαμον
1802 2203 2013 2298 πηγὸν
2051 2206 2351 2288 εἰπόντος

229 2318 316 2399 (v.
378 2318 528 2399 336)
595 2307 713 2407 τὴν
780 2312 1007 2405 λευκην
1072 2314 1334 2380 πολιάν.
1459 2312 1697 2378 Album
1765 2313 2088 2397 intellegit
2151 2313 2347 2378 etiam

222 2419 458 2486 Strato
506 2421 794 2486 comicus
838 2419 908 2483 in
952 2419 1097 2483 lusu
1143 2418 1256 2482 illo
1302 2416 1496 2483 docto
1544 2415 1724 2501 apud
1767 2418 1999 2483 Athen.
2043 2416 2153 2498 IX,
2202 2423 2345 2484 383

225 2528 303 2604 A,
335 2522 449 2588 ubi
482 2523 702 2607 glossa
730 2527 833 2587 est
860 2543 979 2606 pro
1010 2516 1156 2600 ἅλες
1185 2520 1522 2586 vocabulo.
1613 2520 1799 2599 Quod
1845 2542 1989 2586 cum
2032 2522 2102 2585 in
2145 2519 2346 2584 talem

229 2628 720 2693 contentionem
776 2625 1133 2692 adductum
1183 2624 1270 2689 sit
1310 2622 1703 2690 vocabulum
1747 2626 1982 2711 πηγός,
2042 2624 2187 2708 quis
2246 2627 2348 2688 est

226 2730 345 2814 qui
392 2729 671 2810 dubitet,
718 2730 875 2814 quin
922 2727 1104 2811 Call„
1149 2749 1294 2792 oum
1340 2727 1443 2809 hio
1488 2734 1844 2811 usurparet
1889 2728 2058 2793 hane
2104 2747 2343 2808 vocem,

226 2836 744 2900 controversiam
790 2831 972 2898 illam
1018 2853 1139 2897 sua
1184 2833 1577 2897 auctoritate
1633 2830 1934 2897 dirimere
1979 2830 2343 2896 studuerit?

228 2938 376 3015 Qua
428 2936 497 3001 in
550 2956 620 3001 re
675 2935 861 3000 valde
924 2933 1279 3001 dolendum
1334 2939 1451 3015 est,
1497 2933 1675 3018 quod
1740 2936 2127 3000 sententiam
2171 2954 2344 2999 more

225 3060 349 3106 suo
396 3038 620 3123 paullo
669 3038 1009 3105 obscurius
1055 3037 1426 3122 protulerit.
1529 3037 1670 3103 Hoc
1716 3041 1936 3102 autem
1985 3038 2138 3103 mihi
2184 3058 2344 3121 quo-

227 3165 360 3226 que
404 3163 552 3207 eum
598 3142 778 3207 Luca
818 3144 885 3207 in
930 3140 1338 3207 Fleckeiseni
1395 3139 1611 3208 annal.
1665 3139 1786 3208 vol.
1836 3148 1935 3221 79,
1989 3164 2051 3225 p.
2099 3147 2222 3209 606
2249 3151 2253 3155 Α
2279 3146 2345 3205 et

227 3246 630 3312 Schneidero
687 3249 937 3310 eertum
994 3244 1248 3309 videtur
1305 3242 1778 3309 Callimachum
1823 3249 2019 3332 πηγῷ
2070 3244 2374 3336 voculae.

228 3348 541 3415 tribuisse
587 3347 1132 3432 significationem
1183 3348 1421 3414 coloris
1467 3347 1770 3429 alicuius,
1815 3369 1974 3429 non,
2030 3369 2197 3432 quae
2243 3353 2344 3412 est

227 3452 555 3519 sententia
597 3452 820 3518 Aulini
864 3474 926 3536 p.
960 3460 1062 3533 47,
1109 3452 1258 3517 adn.
1310 3461 1365 3521 1.
1410 3452 1913 3536 interpretatum
1955 3452 2025 3516 in
2070 3452 2257 3516 Hom.
2309 3456 2351 3516 I

234 3562 571 3624 1242-266
618 3555 876 3634 ἵππους
920 3558 1169 3644 πηγούς
1221 3555 1386 3621 bene
1442 3560 1667 3639 pastos
1720 3560 1907 3634 κύνας
1961 3551 2169 3647 ἣμισυ
2216 3580 2341 3643 πη-

226 3659 373 3746 γούς
426 3657 829 3724 intellexisse
883 3662 1198 3723 venaticos
1251 3680 1435 3724 canes
1478 3668 1551 3723 ut
1587 3663 1869 3743 prompti
1923 3662 2009 3723 ad
2063 3681 2340 3724 curren—

227 3765 381 3826 dum
414 3765 577 3842 sint;
621 3781 767 3856 nam
798 3782 985 3844 quae
1033 3766 1394 3846 sequuntur
1438 3764 1730 3847 epitheta
1772 3764 1915 3847 ipsa
1960 3784 2223 3848 quoque
2269 3769 2341 3827 ut

371 4004 407 4071 ¹)
452 4001 707 4057 similiter
749 4002 1145 4073 grammaticus
1190 4002 1250 4057 in
1287 4003 1468 4060 Gram.
1508 4002 1696 4060 anecd.
1735 4003 1917 4113 Oxon.
1954 4003 2003 4072 Ι,
2057 4020 2114 4075 p.
2147 4003 2251 4116 358
2285 4007 2342 4058 et

224 4089 395 4145 schol.
432 4087 504 4143 ad
540 4093 595 4141 Γ
621 4087 739 4144 197.
