2969 4832
1544 357 1969 421 -82-

704 530 771 591 et
826 524 982 591 inde
1049 523 1241 590 finxit
1307 519 1686 613 ἀμφίδυμος
1753 525 1838 591 ad
1908 524 2280 610 analogiam
2344 525 2825 592 vocabulorum

569 651 574 655 ·
699 621 1035 716 ἇμφίβιος,
1084 621 1451 716 ἀμφιβολία
1497 630 1577 694 al.

1376 828 1590 911 Frgm.
1639 834 1783 895 549.
1824 819 2131 909 Ἀχιλεύς.

872 947 1161 1016 Gramm.
1208 948 1275 1012 in
1309 947 1523 1017 Cram.
1555 946 1798 1013 Anecd.
1835 946 2039 1016 Oxon.
2068 949 2178 1028 IV,
2207 970 2270 1031 p.
2303 954 2449 1027 403,
2484 954 2586 1014 29.
2645 943 2707 1013 οἱ
2743 948 2825 1013 δὲ

702 1054 1201 1140 συνηγοροῦντες
1229 1056 1326 1138 τῷ
1356 1046 1446 1117 ἑνὶ
1477 1052 1574 1135 λῙ)
1608 1051 1915 1131 (nominis
1956 1043 2307 1132 Ἀχιλλεύς)
2343 1048 2546 1138 φασὶν
2576 1047 2787 1129 οὕτως
2807 1075 2822 1087 ·

702 1159 958 1241 πρῶτον
999 1152 1122 1238 μὲν
1167 1148 1309 1221 ἀπὸ
1357 1157 1474 1244 τῆς
1517 1147 1859 1240 ἀναλογίας
1872 1204 1887 1233 ,
1947 1153 2052 1219 ἵνα
2097 1143 2136 1242 ᾗ
2187 1149 2416 1236 ὅμοιον
2457 1157 2555 1240 τῷ
2598 1146 2826 1233 Ἰλεύς,

699 1254 1043 1342 βασιλεύς·
1073 1248 1215 1322 εἶτα
1259 1255 1369 1322 καὶ
1416 1254 1488 1321 ἐκ
1530 1261 1651 1347 τῆς
1690 1254 2126 1342 ἐτυμολογίας.
2197 1248 2488 1338 Ἀχιλεὺς
2517 1255 2641 1344 γὰρ
2673 1251 2827 1323 ἀπὸ

699 1367 816 1427 τοῦ
870 1353 1035 1426 εἶναι
1091 1352 1279 1442 ὄχος
1328 1364 1495 1438 τοῖς
1544 1352 1869 1424 Ἰλεῢσιν
1919 1350 2105 1447 ἤγουν
2157 1362 2298 1437 τοῖς
2351 1359 2576 1444 Τρωσὶ
2644 1354 2827 1424 κατὰ

699 1460 1111 1552 φερωνυμίαν
1137 1485 1151 1500 ·
1175 1457 1309 1529 ὑπὸ
1362 1460 1481 1550 γὰρ
1540 1460 1734 1540 θείας
1796 1459 2137 1551 προνοίας,
2211 1451 2301 1540 ὣς
2368 1456 2492 1550 ἔφη
2561 1461 2821 1527 Καλλί-

697 1591 923 1651 μαχος,
972 1564 1222 1656 ἐκλήθη
1270 1561 1491 1644 οὕτως.
1582 1564 1661 1630 cf.
1709 1564 2008 1630 Schneid.
2056 1586 2117 1634 a.
2165 1563 2226 1632 h.
2271 1565 2314 1629 l.

877 1876 1125 1942 Deinde
1157 1879 1310 1938 sunt
1338 1873 1484 1953 loci,
1516 1874 1630 1940 ubi
1662 1873 2092 1940 Callimachus
2127 1873 2379 1953 doceat,
2411 1894 2560 1961 quo
2592 1876 2824 1945 modo

702 1979 1079 2050 voeabula
1102 1978 1533 2059 Homerica,
1558 1998 1838 2062 quorum
1861 1978 2186 2060 scriptura
2208 1977 2274 2040 in
2300 1979 2821 2043 controversiam

703 2087 934 2148 vocata
965 2087 1123 2162 erat,
1172 2081 1685 2162 scribantur.²)
1752 2084 1967 2162 Atque
2011 2080 2119 2145 hic
2151 2080 2513 2145 videbimus
2545 2082 2825 2165 saepius

702 2185 1165 2251 Callimachum
1199 2206 1343 2249 eam
1375 2185 1770 2267 scripturam
1802 2182 2161 2267 agnovisse,
2209 2203 2406 2266 quam
2450 2189 2685 2266 postea
2727 2184 2823 2249 ab

698 2289 1074 2355 Aristarcho
1122 2288 1646 2375 commendatam
1692 2308 1832 2352 esse
1878 2291 2283 2369 compertum
2330 2286 2742 2372 habemusss)

1561 2483 1609 2547 I.
1663 2490 1757 2550 10.
1803 2468 1928 2572 ἧχι.

870 2604 1287 2670 Aristarchus
1333 2608 1399 2668 et
1443 2603 1796 2687 Dionysius
1852 2603 2256 2685 scripserunt
2308 2588 2420 2692 ἧχι
2477 2600 2617 2666 sine
2671 2601 2827 2669 iota

700 2708 1088 2791 subscripto.
1180 2707 1261 2775 cf.
1308 2706 1508 2771 schol.
1554 2708 1607 2769 A
1655 2705 1740 2769 ad
1786 2710 1866 2770 A
1913 2713 2036 2773 607
2080 2698 2504 2790 Ἀρίσταρχος
2556 2701 2637 2770 τὸ
2702 2691 2827 2795 ἧχι

695 2809 891 2897 χωρὶς
932 2815 1048 2877 τοῦ
1093 2837 1118 2877 ι
1161 2806 1398 2897 γράφει
1452 2807 1562 2874 καὶ
1619 2805 1985 2887 Διονύσιος.
2077 2808 2226 2873 Alia
2278 2808 2658 2872 testimonia
2715 2810 2827 2873 in-

704 2915 884 2979 venis
944 2915 1118 2997 apud
1164 2914 1258 2978 La
1302 2913 1538 2991 Roche‚
1595 2913 1783 2978 Hom.
1838 2910 2175 2990 Textkrit.,
2229 2932 2290 2994 p.
2337 2918 2483 2979 278.
2596 2914 2831 2995 Atque

699 3018 792 3083 sic
824 3018 1020 3082 etiam
1047 3016 1205 3082 Call.
1239 3017 1497 3082 videtur
1539 3015 1709 3079 hanc
1753 3014 2048 3079 voculam
2095 3013 2435 3093 scripsisse
2481 3013 2589 3076 hh.
2621 3014 2673 3081 Ι.
2719 3025 2827 3098 10,

699 3120 780 3185 11.
815 3128 916 3200 91,
963 3121 1072 3186 IV.
1101 3125 1204 3188 49.
1252 3118 1438 3203 frgm.
1487 3127 1631 3199 215,
1678 3119 1877 3197 252b‚
1924 3120 2067 3186 465.
2144 3116 2224 3182 cf.
2260 3115 2647 3182 Schneideri
2697 3119 2828 3184 ad-

698 3228 902 3289 notat.
950 3223 1152 3288 critic.
1198 3223 1283 3288 ad
1326 3222 1374 3288 1.
1424 3228 1523 3289 lO.

1492 3416 1543 3484 I.
1590 3423 1689 3484 69.
1736 3412 2009 3497 ἐνδέξια.

944 3535 1169 3629 Θήκαο
1214 3530 1271 3603 δ’
1321 3532 1567 3603 οἰωνῶν
1608 3528 1750 3621 μέγ’
1798 3530 2145 3621 ὑπείροχον
2191 3527 2584 3623 ἀγγελιώτην

941 3646 1076 3708 σῶν
1115 3636 1363 3728 τεράων
1390 3660 1404 3674 ·
1430 3634 1474 3703 ἅ
1517 3633 1574 3702 τ’
1623 3636 1839 3721 ἐμοῖσι
1885 3635 2107 3725 φίλοις
2151 3634 2405 3717 ἐνδέξια
2449 3641 2750 3725 φαίνοις.

873 3745 950 3811 cf.
999 3766 1145 3811 cum
1188 3744 1314 3810 hoc
1356 3742 1502 3808 loco
1546 3747 1589 3807 I
1624 3749 1748 3809 236

840 3992 887 4058 1)
920 3987 989 4042 cf,
1023 3985 1079 4040 h,
1115 3983 1195 4038 II.
1231 3982 1301 4037 20
1336 3978 1464 4034 οὐδὲ
1504 3984 1655 4036 Θέτις
1684 3976 1915 4047 Ἀχιλῆα
1952 3977 2227 4052 κινύρεται
2270 3976 2453 4032 αἴλινα
2488 3980 2695 4052 μήτηρ.

837 4078 884 4144 2)
920 4072 989 4128 cf.
1025 4070 1239 4128 Scheer.
1273 4085 1327 4139 p.
1363 4068 1398 4123 5
1431 4083 1512 4137 sq.

838 4162 881 4229 ε)
920 4158 988 4215 cf.
1025 4175 1078 4229 p.
1114 4158 1210 4222 293
1248 4154 1368 4221 104,
1402 4153 1452 4207 2.
