2969 4832
1502 360 1924 422 -58-

662 526 806 593 Iam
858 525 1306 592 controversia
1349 530 1449 591 est
1503 525 1692 591 inter·
1720 525 1894 591 viros
1941 526 2200 607 doetOS,
2271 532 2495 593 utrum
2552 526 2793 593 tmesis

660 629 764 695 his
808 629 974 696 loeis
1020 627 1376 694 statuenda
1406 629 1511 710 sit,
1559 649 1646 693 an
1674 622 1808 694 ὑπό
1837 649 1959 713 pro
1992 628 2304 696 adverbio
2337 630 2424 694 sit
2454 630 2794 714 aecipien-

667 732 843 801 dum.
931 736 1025 799 Ae
1070 732 1309 798 tmesin
1368 732 1636 814 quidem
1695 738 2058 816 agnoscunt
2103 732 2560 813 Hoffmannu3‚
2607 733 2791 801 hom.

667 836 927 903 Unters.
974 835 1084 901 IV.
1135 843 1231 916 11,
1279 827 1424 919 qua'
1462 856 1596 902 uno
1650 835 2012 919 eodemque
2056 835 2252 903 modo
2312 836 2522 920 possit
2582 834 2798 919 expli-

664 939 804 1004 cari
847 938 971 1005 hoe
1001 937 1273 1006 verbum
1318 937 1530 1004 tribus
1576 938 1707 1004 illis
1752 938 1935 1020 loeis,
1982 940 2078 1005 La
2116 938 2335 1006 Roehe
2366 940 2434 1004 in
2465 939 2795 1004 Zeitschr.

663 1041 705 1109 f.
751 1045 911 1109 iistr.
958 1042 1186 1127 Gymn.
1234 1042 1379 1122 XII,
1441 1049 1622 1123 1861,
1676 1064 1740 1126 p.
1790 1049 1941 1122 373,
2012 1050 2113 1125 90,
2183 1042 2326 1124 alii3
2395 1042 2797 1108 adverbium

661 1145 1059 1230 EbelingiuS,
1086 1145 1374 1227 Orusius,
1399 1145 1723 1212 Ameisius
1755 1145 1867 1210 alii
1893 1146 2081 1234 quiq>
2104 1153 2225 1212 411
2260 1146 2800 1230 interpretantur

664 1241 798 1315 ὑπὸ
866 1248 1160 1339 δεξιτερῇ
1215 1245 1402 1337 χειρί.
1494 1250 1663 1316 Utra
1709 1254 1931 1316 autem
1978 1250 2150 1315 ratio
2205 1248 2533 1333 placuerit
2585 1249 2796 1316 Calli-

668 1351 923 1434 mach0‚
972 1359 1200 1436 aperte
1246 1353 1428 1419 vides
1476 1372 1512 1418 e
1558 1352 1724 1418 loeis
1771 1373 1972 1437 supra
2015 1353 2253 1418 citatis.
2267 1357 2313 1435 ¹)

1387 1541 1494 1606 VI.
1547 1549 1687 1610 135.
1733 1537 2069 1631 semema.

819 1662 877 1726 N
882 1666 1066 1729 otum
1099 1666 1199 1728 est
1227 1661 1622 1729 vocabulum
1652 1655 1952 1755 εὐηγενής
1981 1662 2159 1747 apud
2193 1662 2573 1745 Homerum,
2603 1663 2798 1746 quod

664 1766 911 1850 legitur
965 1771 1043 1832 A
1101 1772 1259 1846 427,
1339 1769 1406 1830 Ψ
1451 1773 1562 1847 81,
1630 1767 1689 1831 h.
1745 1768 1831 1833 IV
1887 1768 1954 1831 iu
2000 1766 2160 1833 Ven.
2218 1773 2364 1835 229.
2465 1765 2797 1850 Didymus

665 1873 888 1936 autem
934 1869 1022 1935 ad
1079 1873 1146 1934 Ψ
1182 1875 1260 1936 81
1321 1869 1511 1936 nobis
1564 1869 1776 1935 tradit
1822 1868 2052 1955 (schol.
2100 1872 2211 1952 A):
2280 1866 2348 1935 ἐν
2398 1871 2481 1958 τῇ
2530 1865 2796 1935 Ῥιανοῦ

668 1970 780 2039 καὶ
829 1968 1340 2061 Ἀριστοφάνους
1405 1965 1768 2059 εὐηφενέων
1823 1964 1935 2038 διὰ
1990 1977 2102 2037 τοῦ
2156 1995 2232 2059 φ,
2302 1962 2369 2038 εὖ
2410 1975 2504 2061 τῷ
2559 1967 2796 2060 ἀφένῳ

663 2072 1029 2164 χρωμένων,
1077 2071 1163 2155 ὥς
1208 2073 1542 2162 Κλέαρχος
1586 2073 1653 2141 ἐν
1695 2078 1843 2154 ταῖς
1885 2073 2222 2162 ymnum.
2327 2079 2542 2161 Atque
2588 2097 2798 2142 eausa

669 2179 968 2261 quidem,
1036 2200 1171 2263 qua
1224 2181 1511 2264 permoti
1565 2178 1632 2243 hi
1696 2179 1817 2243 viri
1886 2178 2063 2245 docti
2128 2183 2579 2261 mutaverunt,
2644 2179 2796 2244 sine

673 2280 876 2347 dubio
922 2289 1040 2363 est,
1097 2283 1275 2366 quod
1321 2309 1359 2372 η
1403 2284 1474 2348 in
1531 2274 1829 2372 εὖηγενής
1888 2280 2204 2348 vocabulo
2268 2281 2595 2367 explicare
2656 2303 2798 2348 non

669 2390 1105 2471 potuerunt.²>
1149 2386 1294 2454 Iam
1323 2385 1667 2453 Kaibelius
1698 2385 1798 2451 vir
1829 2383 2248 2452 doctissimus
2280 2385 2558 2470 suspicit
2592 2384 2795 2452 Calli-

666 2488 974 2556 machum
1018 2513 1210 2557 versu

821 2596 1020 2681 χαῖρε,
1068 2593 1223 2674 θέα,
1270 2619 1378 2660 και
1421 2591 1614 2660 τάνδε
1659 2590 1802 2659 σαω
1847 2590 2048 2659 πόλιν
2092 2588 2160 2656 ἐν
2205 2584 2279 2657 θ’
2330 2585 2613 2681 ομονοίᾳ

830 2690 896 2761 ἔν
937 2690 996 2762 τ’
1044 2693 1398 2787 εὖηπελίᾳ·
1424 2695 1581 2786 φέρε
1626 2689 1684 2762 δ’
1730 2689 1971 2785 ἇγρόθι
2018 2691 2297 2778 νόστιμα
2343 2691 2563 2761 πάντα

673 2799 796 2864 hae
842 2820 923 2865 ex
968 2820 1172 2866 eausa
1215 2793 1531 2889 εὖηπελία
1575 2800 1966 2884 vocabulum
2010 2796 2303 2878 finxisse,
2370 2803 2445 2862 ut
2506 2796 2796 2866 formam

669 2894 964 2993 εὖηγενής
1006 2910 1323 2971 tueretur.
1334 2906 1389 2989 ⁸)

844 3212 1186 3281 Interdum
1253 3214 1376 3280 hae
1445 3215 2041 3280 controversiae
2108 3232 2188 3278 se
2254 3210 2627 3277 referunt
2692 3212 2793 3276 ad

677 3337 801 3381 res
849 3317 1444 3403 geographicas.
1535 3316 1642 3383 Sic

816 3558 859 3628 ²)
895 3559 1048 3614 Ante
1080 3557 1242 3612 illum
1259 3598 1273 3626 ,
1309 3563 1587 3629 quantum
1624 3556 1807 3616 videre
1841 3573 2168 3628 possumus,
2202 3572 2349 3610 unus
2384 3554 2792 3626 Aristophanes

677 3660 814 3699 usus
850 3648 936 3700 est
970 3644 1140 3699 verbo
1175 3640 1378 3710 ὑπᾴὸω
1412 3642 1529 3699 seil-
1564 3643 1625 3698 in
1660 3643 1841 3698 Ranis
1876 3643 2000 3711 874,
2055 3642 2154 3698 sed
2207 3641 2318 3696 alia
2369 3640 2793 3712 significatione,

675 3747 868 3785 rursus
903 3730 1016 3788 alia
1049 3730 1182 3786 ibid.
1216 3731 1334 3786 366.

813 3819 856 3887 ²)
895 3816 983 3890 cf.-
1004 3816 1227 3873 Nauck.
1262 3815 1360 3870 1.1.
1398 3834 1450 3887 p.
1488 3816 1574 3884 50,
1609 3815 1875 3886 Mayhoff.
1913 3814 1948 3868 l.
1985 3814 2019 3868 l.
2058 3832 2108 3885 p.
2149 3815 2236 3883 47,
2279 3812 2419 3869 alios
2454 3827 2597 3883 quos
2630 3811 2793 3873 ,affert

676 3903 886 3958 Ameis.
923 3902 981 3956 in
1020 3903 1256 3975 append.
1292 3903 1363 3957 ad
1398 3907 1456 3954 A
1490 3903 1606 3957 427.

812 3992 854 4054 ⁸)
892 3989 1152 4045 Ceterum
1204 4006 1357 4045 nune
1408 3989 1568 4043 video
1619 3988 1789 4043 etiam
1843 3986 2179 4044 Bredavium
2235 4002 2290 4057 p.
2340 3986 2410 4040 14
2462 3985 2792 4057 componere

674 4075 959 4144 εὗηπελίας
992 4081 1049 4132 et
1084 4073 1364 4149 εῧηγένους
1398 4073 1670 4130 vocabula
1683 4114 1698 4143 ,
1745 4074 1842 4146 qui
1875 4073 2039 4129 dicit:
2095 4071 2311 4126 Littera
2344 4092 2377 4138 η
2412 4070 2605 4128 simili
2634 4071 2789 4128 modo

675 4162 809 4238 (κατ’
852 4163 1171 4240 ἑπένθεσιν)
1204 4162 1420 4217 inserta
1453 4165 1532 4216 est
1568 4165 1729 4238 atquo
1761 4160 1828 4215 in
1861 4176 1982 4215 voce
2018 4158 2285 4240 εὖηγενής.

2935 566 2942 657 i
