2969 4832
1549 387 1977 448 ...60—

716 552 1052 640 Θηβαϊκῆς
1096 547 1480 633 καλούμενον
1525 549 1689 631 «ξ’,δος
1734 550 1912 631 τινὲς
1956 551 2030 617 δὲ
2074 549 2195 642 τὴν
2246 549 2682 640 Ταναγραίαν,
2729 578 2807 619 ων
2927 516 2928 573 3

708 676 802 731 εις
868 650 1009 718 ἐστι
1066 651 1177 718 καὶ
1235 653 1663 736 Καλλίμαχος
1718 654 1934 738 (frgm.
1986 661 2163 736 370),
2227 648 2685 742 Ἀριστοτέλης
2746 654 2808 719 δὲ

717 758 954 841 Γραῖαν
997 752 1116 846 τὴν
1158 759 1264 820 νῦν
1307 748 1613 842 Ὠρωπόν
1657 757 1791 825 κτλ.

1414 946 1628 1030 Frgm.
1679 953 1823 1014 218.
1877 950 2106 1013 Φθῖοι.

884 1064 1356 1133 Callimachum
1387 1088 1517 1132 non
1548 1067 1629 1132 iis
1659 1087 1999 1134 assensum
2045 1088 2206 1148 esse,
2251 1068 2365 1150 qui
2399 1066 2567 1131 falso
2602 1068 2811 1152 opina-

708 1165 950 1231 bantur
987 1165 1249 1249 Φθίους
1292 1168 1558 1236 differre
1604 1191 1644 1234 a
1695 1165 2061 1251 Φθιιὰταις,
2107 1174 2395 1235 testatur
2437 1168 2627 1234 nobis
2673 1173 2808 1236 Am-

705 1289 876 1334 mon.
948 1270 1030 1335 de
1100 1271 1420 1338 different.
1490 1271 1712 1341 vocab.
1768 1295 1829 1357 p.
1884 1281 2000 1340 143
2063 1277 2277 1339 Φθῖοι
2344 1271 2468 1339 καὶ.
2510 1275 2809 1338 Φθιῶται

709 1370 1123 1460 διαφέρουσι.
1207 1379 1420 1442 Φθῖοι
1449 1374 1572 1460 μὲν
1601 1368 1723 1463 γὰρ
1754 1371 1816 1441 οἱ
1850 1370 1983 1442 ὑπὸ
2027 1381 2121 1463 τῷ
2165 1373 2613 1461 Πρωτεσιλάῳ
2640 1424 2810 1440 .....

713 1479 1031 1542 Φθιῶται
1070 1476 1144 1544 δὲ
1176 1474 1238 1543 οὶ
1277 1473 1411 1545 ὑπὸ
1440 1483 1537 1566 τῷ
1563 1472 1850 1560 Ἀχιλλεῖ
1875 1529 2054 1544 .....
2084 1472 2394 1569 ἦγνόησεν
2424 1467 2537 1544 οὖν
2570 1473 2810 1542 Καλλί-

704 1603 915 1662 μαχος
959 1577 1167 1646 ειπών

1080 1677 1214 1750 οὐδ’
1263 1678 1361 1749 ἔτι
1407 1677 1527 1775 τὴν
1578 1682 1821 1752 Φθίων
1865 1678 2030 1768 εἶχεν
2070 1676 2458 1770 ἀνακτορίην

710 1786 889 1869 quod
934 1786 1120 1872 frgm.
1172 1808 1303 1871 quo
1348 1788 1585 1855 melius
1641 1788 1962 1874 insereret
2013 1788 2080 1851 in
2128 1786 2468 1853 Aetiorum
2525 1785 2810 1871 elegiam,

708 1888 975 1972 qualem
1019 1892 1159 1976 ipse
1206 1890 1333 1956 sibi
1377 1891 1586 1971 finxit,
1636 1890 2072 1957 Schneiderus
2118 1888 2239 1981 τήν
2270 1888 2554 1956 mutavit
2584 1889 2650 1953 in
2685 1886 2809 1978 δήν.

708 1992 889 2058 Alios
912 2000 1151 2074 autem,
1177 1994 1290 2077 qui
1320 1994 1498 2061 idem
1524 1995 1875 2060 discrimen
1906 1993 2302 2074 statuebant,
2333 1990 2532 2057 affert
2554 1991 2810 2058 Schnei-

708 2093 922 2162 deruS.
1013 2097 1111 2162 De
1157 2089 1541 2186 ἇνακτορίης
1585 2118 1741 2165 voce
1791 2097 1871 2163 cf.
1920 2096 2164 2164 Scheer
2206 2119 2268 2182 p.
2321 2103 2415 2164 10.

876 2316 955 2382 In
1008 2319 1203 2384 aliam
1263 2322 1771 2387 controversiam
1824 2327 2094 2387 vocatus
2152 2324 2254 2385 est
2309 2319 2534 2404 hymni
2580 2318 2809 2383 Home-

712 2421 836 2485 rici
880 2420 966 2487 IV
1022 2423 1089 2488 in
1148 2424 1465 2491 Venerem
1512 2447 1568 2490 v.
1614 2433 1741 2494 264
1796 2433 1863 2492 et
1918 2447 2080 2511 sqq„
2148 2424 2262 2490 ubi
2317 2424 2407 2489 de
2465 2421 2811 2507 nymphis

704 2524 870 2589 talia
912 2534 1294 2593 narrantur:

918 2633 1069 2717 τῇσι
1114 2624 1174 2696 δ’
1220 2624 1332 2716 ἅμ’
1381 2624 1421 2723 ἢ
1470 2630 1698 2699 ἐλάται
1741 2626 1820 2723 ἦὲ
1866 2628 2049 2722 δρύες
2092 2627 2489 2719 ὑψικάρηνοι

748 2739 873 2800 265
919 2734 1364 2824 γεινομένῃσιν
1409 2730 1659 2823 ἔφυσαν
1705 2734 1825 2803 ἐπὶ
1869 2734 2063 2819 χθονὶ
2106 2730 2518 2821 βωτιανείρῃ,

918 2837 1134 2918 καλαὶ,
1178 2837 1651 2925 τηλεθάουσαι,
1698 2836 1766 2904 ἐν
1810 2831 2060 2927 ου’ρεσιν
2103 2833 2455 2926 ὑψηλοῖσιν

920 2933 1144 3007 ἓστᾶσ’
1191 2934 1531 3032 ἠλιβάτοις
1551 2944 1600 3026 ²)
1645 2942 1882 3030 τεμένη
1928 2941 2002 3009 δέ
2046 2937 2078 3007 ἑ
2122 2939 2582 3031 κικλήσκουσιν

919 3036 1275 3109 ἀθανάτων
1298 3063 1312 3079 ·
1336 3041 1457 3125 τὰς
1502 3037 1560 3111 δ’
1609 3038 1748 3112 οὔτι
1791 3046 2017 3134 βροτοὶ
2060 3042 2344 3132 κείρουσι
2390 3038 2638 3132 σιδήρῳ
2662 3062 2681 3078 ·

920 3140 1060 3211 ἀλλ’
1111 3141 1220 3213 ὅτε
1264 3171 1371 3213 κεν
1416 3145 1500 3239 δὴ
1545 3153 1750 3236 μοῖρα
1794 3146 2174 3239 παρεστήκη
2219 3144 2563 3225 θανάτοιο,

747 3255 873 3316 270
918 3241 1230 3330 ἀζάνεται
1273 3250 1394 3336 μὲν
1435 3256 1701 3343 πρῶτον
1744 3277 1864 3319 επι
1904 3250 2102 3335 χθονι
2141 3248 2418 3340 δένδρεα
2462 3244 2650 3328 καλά,

919 3346 1152 3440 φλοιὸς
1197 3348 1255 3420 δ’
1304 3350 1989 3445 ἀμφιπεριφθινύθει,
2032 3353 2368 3420 πίπτουσι
2412 3343 2534 3419 δ”
2506 3345 2627 3417 ἀπ’
2656 3342 2805 3432 όζοι,

917 3480 1049 3522 των
1094 3455 1168 3523 δε
1212 3454 1286 3524 θ’
1336 3453 1497 3544 ὁμοῦ
1545 3452 1722 3550 ψυχὴ
1769 3456 1986 3526 λείπει
2030 3455 2200 3547 φάος
2243 3451 2513 3523 τελίοιο.

879 3559 1005 3625 Hic
1060 3563 1229 3626 enim
1287 3562 1469 3627 locus
1527 3564 1751 3628 multis
1808 3563 2067 3629 videtur
2119 3560 2464 3645 scrupulos
2521 3558 2807 3636 movisse,

708 3663 776 3728 id
809 3664 986 3747 quod
1019 3670 1093 3728 ut
1136 3669 1296 3750 puto
1330 3665 1432 3732 vel
1473 3666 1630 3732 inde
1676 3665 2065 3732 concludere
2109 3683 2479 3750 possumus,
2525 3661 2702 3746 quod
2740 3661 2807 3725 in

705 3766 768 3836 h.
812 3767 903 3833 IV
944 3790 1000 3836 v,
1048 3775 1128 3837 83
1173 3769 1427 3855 impetu
1484 3769 1770 3854 quodam
1825 3789 1935 3835 eos
1989 3768 2104 3852 qui
2146 3768 2375 3853 legunt
2417 3772 2613 3851 urget
2641 3764 2806 3844 Gall„

704 3877 781 3936 ut
825 3871 1259 3938 confiteantur
1302 3873 1462 3958 quid
1509 3873 1824 3953 sentiant3
1869 3892 2021 3937 nam
2065 3871 2362 3937 versibus
2410 3878 2490 3939 '79
2538 3890 2679 3966 sqq.

737 4099 893 4239 840¹)
931 4096 1012 4152 sic
1046 4096 1281 4152 coniecit
1316 4096 1383 4153 Ο.
1411 4096 1780 4155 Schneiderus
1813 4096 1873 4151 in
1896 4095 2160 4154 zeitschr.
2185 4096 2222 4150 f.
2250 4094 2544 4151 Auem-W
2554 4091 2800 4149 issemch.

705 4185 734 4237 1
874 4200 927 4255 p.
963 4185 1048 4241 95.
