2969 4832
1538 311 1964 380 —36-

699 486 926 548 vetera
957 503 998 548 a
1028 482 1335 549 Kinkelio
1376 482 1557 548 edita
1601 483 1890 548 nondum
1921 484 2407 569 cognovissent3
2452 484 2547 549 ibi
2591 491 2790 552 autem

696 606 923 651 versus
969 585 1093 651 tali
1140 585 1332 652 modo
1377 585 1661 653 traditus
1708 591 1836 653 est:

929 686 1146 777 τόφρα
1191 683 1250 754 δ’
1296 681 1627 780 ἀνήσουσα
1673 692 1816 777 φῶς
1859 686 2084 777 λόφων
2129 686 2347 778 ἔγρετο
2397 689 2598 758 Τιτιό.

698 796 919 875 Atque
952 813 1032 859 ex
1061 792 1164 857 his
1195 792 1412 859 verbis
1443 793 1500 857 si
1545 791 2038 876 proficiscimur,
2086 794 2249 859 satis
2293 796 2548 860 incerta
2579 793 2795 878 Toupii

699 896 1081 962 coniectura
1128 900 1257 972 est3
1301 896 1532 979 itaque
1578 915 1658 960 ea
1700 896 1902 960 missa
1945 897 2083 961 nixi
2115 896 2216 961 his
2248 896 2509 962 duobus
2541 895 2792 962 scholiis

699 1020 954 1066 versum
1002 1019 1234 1064 sanare
1279 998 1751 1082 periclitemur.
1848 998 2068 1065 Prima
2113 999 2380 1084 quidem
2414 1007 2480 1067 et
2520 1006 2796 1067 extrema

700 1123 853 1185 pars
898 1103 1146 1186 quippe
1185 1123 1358 1198 quae
1402 1101 1581 1186 apud
1611 1107 1962 1185 utrumque
1994 1102 2412 1168 scholiastam
2443 1106 2798 1187 congruant

698 1205 1003 1270 nimirum
1066 1203 1428 1271 servandae
1494 1209 1676 1284 sunt,
1743 1211 1881 1270 tum
1949 1208 2095 1293 φῶς
2152 1226 2416 1290 quoque
2469 1207 2537 1271 in
2593 1212 2797 1272 vetere

699 1308 947 1375 scholio
993 1330 1181 1373 suum
1226 1308 1439 1374 locum
1471 1307 1763 1389 habebit,
1810 1330 1956 1374 cum
1987 1308 2156 1375 bene
2187 1315 2378 1375 coeat
2409 1331 2556 1376 cum
2613 1306 2796 1388 Τιτώ,

700 1416 903 1495 atque
972 1411 1150 1497 apud
1197 1411 1498 1477 Tzetzem
1568 1417 1948 1496 corruptum
2016 1412 2273 1478 videtur
2342 1413 2410 1477 in
2477 1418 2627 1497 βοσ;
2695 1410 2799 1478 sed

696 1511 893 1602 φάος
936 1520 1096 1599 puto
1130 1513 1601 1580 Callimachum
1632 1515 1990 1599 scripsisse,
2030 1534 2158 1580 non
2191 1518 2352 1603 φῶς.
2427 1516 2558 1581 Pro
2589 1512 2801 1602 λόφων

700 1622 939 1698 autem,
987 1617 1166 1702 quod
1199 1622 1426 1683 contra
1457 1624 1738 1683 metrum
1770 1622 2040 1702 pugnat,
2088 1620 2367 1684 fortasse
2411 1615 2618 1706 λόφον
2657 1617 2799 1683 sub-

699 1720 1102 1786 stituendum
1134 1727 1235 1786 est
1266 1742 1301 1786 e
1333 1721 1586 1789 Tzetze.
1654 1721 1832 1800 Quae
1864 1742 2010 1787 cum
2059 1721 2570 1802 consideramus,
2619 1720 2801 1786 facile

700 1821 1102 1903 adducimur,
1149 1829 1225 1889 ut
1270 1825 1689 1891 coniciamus:

772 1923 989 2015 τόφρα
1036 1919 1093 1992 δ’
1142 1921 1572 2015 ἀναίρουσα
1615 1925 1816 2014 φάος
1861 1925 1937 2007 ἐς
1979 1925 2224 2015 λόφον
2269 1921 2489 2017 ἔγρετο
2537 1920 2736 2008 Τιτώ,

700 2029 876 2113 quod
923 2035 990 2097 et
1034 2031 1278 2097 bonum
1326 2051 1585 2097 sensum
1633 2030 1909 2114 praebet
1955 2036 2020 2097 et
2065 2033 2201 2096 sine
2245 2030 2383 2096 ulla
2416 2030 2803 2096 difficultate

698 2133 960 2199 restitui
1026 2140 1280 2218 potest;
1348 2155 1500 2199 nam
1545 2159 1583 2222 η
1630 2140 1697 2199 et
1742 2160 1813 2201 αι
1875 2155 2067 2218 quam
2137 2154 2334 2217 saepe
2405 2140 2804 2200 commutata

699 2237 859 2316 sint,
921 2237 1051 2302 dici
1097 2240 1202 2302 vix
1246 2243 1493 2321 potest;
1542 2242 1610 2303 et
1646 2237 1777 2316 EC,
1824 2236 2000 2322 quod
2046 2236 2223 2320 apud
2267 2242 2453 2303 vetus
2514 2237 2804 2308 scholion

697 2344 853 2423 post
912 2337 1159 2407 similes
1225 2342 1488 2407 litteras
1529 2342 1648 2406 OC
1697 2341 2005 2406 omissum
2076 2345 2204 2423 est,
2273 2339 2448 2425 apud
2510 2340 2804 2406 Tzetzem

698 2442 893 2508 facile
950 2445 1280 2530 corrumpi
1334 2445 1555 2529 potuit
1606 2445 1671 2510 in
1720 2468 1854 2511 σον.
1940 2445 2014 2509 In
2081 2443 2520 2527 productione
2590 2450 2806 2510 autem

699 2552 1033 2614 extremae
1080 2547 1373 2632 syllabae
1420 2549 1597 2614 vocis
1652 2540 2006 2636 ἄναίρουσα
2063 2553 2216 2612 ante
2277 2545 2449 2635 φάος
2514 2567 2643 2613 non
2710 2552 2811 2614 est

699 2649 875 2734 quod
942 2650 1262 2728 offendas;
1333 2672 1484 2717 nam
1554 2653 1754 2717 etiam
1807 2674 1879 2716 τε
1933 2655 2083 2716 ante
2143 2672 2195 2737 φ
2246 2649 2641 2733 productum
2711 2657 2810 2716 est

697 2753 758 2821 h.
805 2753 853 2820 Ι.
905 2761 1003 2822 36.
2088 2767 2093 2771 ·
2928 2740 2929 2749 '

892 2853 1234 2946 πρωτίστῃ
1279 2862 1461 2947 γενεῇ
1506 2854 1675 2942 μετά
1717 2880 1786 2945 γε
1829 2853 2044 2943 Στύγα
2084 2879 2166 2921 τε
2217 2854 2502 2945 Φιλύρην
2545 2880 2633 2923 τε.

698 2959 1050 3026 Praeterea
1095 2960 1298 3026 affero
1345 2961 1407 3030 h.
1452 2961 1501 3026 Ι.
1553 2970 1629 3030 16
1785 3043 1791 3048 Α

1009 3057 1241 3129 αὐτίκα
1286 3061 1535 3152 δίζητο
1577 3061 1728 3154 ῥόον
1771 3059 2005 3144 ὓδατος
2049 3050 2102 3152 ᾧ
2147 3087 2219 3129 κε
2262 3061 2504 3146 τόκοιο,

699 3187 827 3249 quo
874 3166 941 3230 in
988 3188 1178 3232 versu
1223 3168 1480 3253 syllaba
1524 3192 1601 3235 το
1632 3166 1815 3233 verbi
1863 3163 2089 3253 δίζητο
2133 3167 2199 3230 in
2234 3166 2465 3231 eodem
2514 3166 2680 3251 pede
2708 3167 2809 3229 ita

698 3269 1023 3354 producta
1066 3284 1191 3353 est,
1266 3278 1343 3336 ut
1389 3292 1661 3338 caesura
1704 3269 2085 3337 intercedat.
2133 3308 2215 3316 —
2260 3269 2358 3336 Ad
2415 3269 2807 3353 sententiam

698 3372 980 3458 denique
1026 3373 1108 3443 cf.
1156 3376 1307 3443 Eur.
1355 3375 1455 3443 El.
1507 3382 1626 3442 102

1114 3473 1285 3558 ιἝως
1326 3475 1448 3567 γὰρ
1493 3468 1712 3544 λευκὸν
1754 3469 1912 3561 ὄμμ’
1960 3468 2377 3562 ἀναίρεται.1)

1429 3650 1536 3718 VI.
1585 3655 1684 3716 58.
1731 3645 2075 3736 στηρίζειν.
2172 3703 2177 3709 .
2434 3732 2439 3739 .

809 3761 1105 3853 ’Ίθματα
1147 3767 1272 3854 μὲν
1312 3768 1547 3859 χέρσω,
1592 3765 1840 3857 κεφαλὰ
1886 3765 1961 3833 δέ
2005 3762 2064 3832 οἱ
2109 3758 2319 3852 ἅψατ’
2364 3762 2692 3851 Ὀλύμπια.

695 3874 834 3940 Hoc
879 3895 1072 3939 versu
1113 3873 1272 3940 Call.
1319 3872 1544 3938 reddit
1574 3893 1630 3940 v,
1666 3875 1730 3938 A
1758 3878 1903 3952 443,
1950 3870 2064 3936 ubi
2108 3870 2430 3935 Homerus
2478 3871 2559 3936 de
2586 3861 2812 3958 ’Έριδι

698 3977 823 4043 dea
868 3977 1032 4043 dicit

842 4135 883 4204 ¹)
923 4133 1010 4187 De
1045 4130 1317 4187 vocabulo
1350 4127 1618 4204 βλοσυρός
1652 4130 1720 4183 cf.
1756 4129 1923 4183 etiam
1962 4125 2362 4207 Bodenheimer
2397 4125 2433 4179 l.
2472 4126 2510 4181 l.
2548 4143 2599 4197 p.
2634 4127 2718 4182 36.
