2969 4832
1019 399 1442 458 -73-

181 566 407 629 bertus
464 563 723 628 Miinzel
777 562 1134 627 vindicavit
1181 561 1588 645 Apollodoro
1634 562 1699 626 in
1748 561 1930 644 libre,
1977 562 2162 626 cuius
2209 562 2291 626 ti-

179 665 359 730 tulus
393 670 524 731 est:
570 667 669 731 De
699 664 1086 749 Apollodori
1131 663 1285 752 περὶ
1331 669 1517 731 θεῶν
1561 665 1766 747 libris,
1812 665 1918 730 hic
1961 665 2294 730 afferenda

176 774 355 834 sunt:
424 768 613 851 frgm.
671 789 753 833 ex
795 768 1120 833 Heracliti
1174 767 1506 850 allegoriis
1563 768 1932 835 Homericis
1985 789 2125 852 cap.
2174 767 2293 832 VII

175 874 479 956 petitum,
535 893 598 955 p.
646 880 685 939 8
739 893 841 955 ap.
888 871 1128 937 ΜϋηΖ..
1185 877 1262 937 A
1276 895 1362 936 υκ
1378 894 1603 961 ηγενη
1650 870 1726 937 δὲ
1771 869 2293 995 προσηγόρευσεν

178 968 378 1042 αὐτὸν
422 968 535 1056 οὐχ
578 969 664 1053 ὡς
709 999 774 1040 εν
817 971 1046 1096 Λυκία
1091 972 1556 1098 γεγεννημένον,
1603 970 1727 1056 ἔξω
1773 972 1894 1061 γαρ
1938 979 2057 1064 τῆς
2098 965 2287 1060 ί-Ομη

172 1082 362 1168 ρικῆς
420 1070 843 1162 ἀναγνώσεως
898 1100 1081 1155 ουτος
1129 1071 1164 1144 ὁ
1209 1074 1514 1164 νεώτερος
1554 1081 1797 1160 μῦθος,
1854 1069 1992 1142 ἀλλ’
2041 1071 2289 1160 ὥσπερ,

172 1176 392 1265 οἶμαι,
450 1173 573 1303 την
619 1174 863 1284 ἡμέραν
919 1173 1285 1270 ἠριγένειαν
1343 1173 1680 1264 ὀνομάζει,
1738 1178 1857 1271 τὴν
1899 1173 1979 1247 τὸ
2024 1169 2104 1269 ἦρ
2147 1201 2290 1265 γεν·

172 1289 415 1366 νῶσαν,
478 1279 649 1369 ὅπερ
695 1280 873 1349 ἐστὶν
916 1273 1186 1370 όρθρον,
1244 1278 1412 1349 οὕτω
1455 1284 1760 1374 λυκηγενῆ
1809 1278 2292 1371 προσηγόρευσε

171 1381 290 1454 τὸν
335 1382 544 1477 ἥλιον,
601 1378 837 1476 ἐπειδὴ
882 1389 999 1452 τοῦ
1042 1379 1208 1451 κατὰ
1250 1380 1370 1477 τὴν
1412 1377 1687 1474 ὄρθριον
1729 1381 1904 1473 ὥραν
1947 1386 2293 1470 λυκαυγοῦς

171 1486 375 1569 αἰτός
431 1486 613 1554 ἐστιν
656 1483 893 1568 αἴτιος,
955 1481 999 1578 ἢ
1045 1484 1149 1555 ὅτι
1194 1482 1306 1555 τὸν
1348 1486 1722 1573 λυκάβαντα
1765 1493 1953 1578 γεννᾷ
1994 1485 2292 1553 τουτέστι

169 1590 293 1659 τὸν
358 1589 673 1658 ἐνιαυτόν.
774 1587 967 1674 Ὅρος
1032 1590 1153 1680 γὰρ
1221 1589 1486 1680 ε’τησιόυ
1549 1586 1780 1679 χρόνου
1833 1584 2213 1677 διαδραμών
2258 1584 2294 1655 ὁ

170 1690 359 1787 ἥλιος
401 1692 468 1759 ἐν
496 1692 676 1780 μέρει
718 1686 803 1759 τὰ
849 1691 1097 1766 δώδεκα
1146 1693 1374 1784 ζῴδια.
1460 1696 1530 1762 Si
1575 1700 1795 1760 autem
1839 1701 2015 1760 recte
2062 1692 2296 1758 statuit

171 1797 436 1863 Miinzel
482 1819 540 1880 p.
593 1805 665 1864 11
716 1797 878 1861 haec
925 1818 1005 1862 ex
1049 1799 1331 1882 pristina
1376 1799 1605 1881 aliqua
1634 1798 2111 1882 Allegoriarum
2158 1795 2293 1859 Ho-

170 1902 570 1981 mericarum
636 1900 1023 1965 collectione
1078 1902 1145 1966 in
1201 1901 1524 1969 Heracliti
1591 1901 1832 1967 librum
1900 1900 2292 1986 pervenisse,

170 2004 437 2087 qualem
487 2002 938 2069 collectionem
985 2009 1307 2069 servatam
1356 2025 1499 2071 esse
1542 2010 1737 2089 putat
1780 2003 1960 2088 apud
2005 2004 2290 2069 Cramer.

171 2105 406 2173 anecd.
464 2128 557 2189 gr.
605 2105 804 2170 Paris.
850 2105 965 2185 111,
1020 2128 1081 2191 Ρ.
1129 2114 1208 2175 97
1258 2129 1416 2192 sqq„
1484 2107 1766 2176 fort-asse
1834 2108 2032 2172 etiam
2097 2107 2292 2190 plura

169 2211 259 2275 ad
327 2207 797 2293 Apollodorum
865 2228 1168 2275 revocare
1234 2210 1419 2296 licet3
1493 2211 1587 2275 ibi
1653 2211 1823 2276 enim
1886 2215 2039 2293 post
2093 2208 2292 2274 verba

170 2308 562 2402 Λυκηγενὴς
616 2310 691 2377 δὲ
756 2311 1100 2395 (καλεῖται)
1168 2310 1280 2378 διὰ
1332 2312 1410 2382 τὸ
1460 2308 1611 2393 τοὺς
1674 2310 2080 2399 λυκάβαντας
2144 2304 2292 2403 ἤτοι

166 2410 330 2497 τοὺς
371 2413 639 2503 χρόνους
681 2418 906 2502 γεννᾶν
960 2416 1264 2500 sequitur
1315 2420 1540 2485 statim
1592 2421 1941 2502 Σμινθεῦ
1988 2411 2102 2482 διὰ
2145 2411 2289 2485 <τὸ>

170 2520 254 2588 τὰ
298 2518 515 2604 ὑλώδη
562 2518 670 2583 καὶ
713 2511 1055 2601 βλαπτικὰ
1119 2519 1601 2613 καταστήματα
1667 2514 1808 2588 κατ’
1866 2514 2060 2586 αἰτοῦ
2111 2511 2293 2584 ἄναι-

168 2630 479 2715 ρεῖσθαις
522 2641 695 2705 quae
741 2621 836 2687 sic
880 2641 1008 2685 non
1054 2623 1549 2708 intelleguntur,
1596 2626 1711 2690 sed
1757 2624 1994 2689 collato
2024 2621 2292 2706 Apollo·

170 2730 285 2793 nio
330 2724 637 2810 Sophista
685 2731 827 2803 143,
861 2732 897 2792 9
944 2730 1233 2808 Σμινθεῦ
1276 2724 1600 2794 ἐπίθετον
1637 2722 2077 2807 Ἀπόλλωνος,
2124 2722 2294 2790 κατὰ

167 2829 291 2899 τὸν
329 2824 759 2915 Ἀρίσταρχον
803 2820 944 2893 άπὸ
988 2827 1246 2910 πόλεως
1296 2835 1590 2921 Ίρωϊκῆς
1632 2828 1930 2917 Σμίνθης
1972 2827 2291 2912 καλουμέ-

168 2960 285 3022 νης
311 2929 388 3000 ,ὁ
432 2931 507 2998 δὲ
547 2924 804 2997 ,Ἀπίων
847 2927 992 2998 άπὸ
1036 2937 1169 2999 τῶν
1212 2940 1410 3017 μυῶν,
1460 2931 1533 3000 οἳ
1568 2931 1872 3018 σμίνθιοι
1910 2933 2287 2998 καλοῦνται·

169 3037 288 3103 καὶ
334 3035 400 3102 ἐν
443 3031 649 3120 Ῥόδῳ
698 3030 982 3117 σμίνθια
1027 3030 1246 3126 ἑορτή,
1299 3032 1401 3104 ὅτι
1445 3041 1574 3102 τῶν
1616 3040 1797 3120 μυῶν
1843 3035 2012 3103 ποτὲ
2055 3036 2291 3120 λυμαι-

167 3138 461 3224 νομένων
503 3134 618 3204 τὸν
660 3134 918 3223 καρπὸν
963 3142 1092 3204 τῶν
1136 3134 1545 3222 ἀμπελώνων
1587 3135 1920 3206 Ἀπόλλων
1965 3139 2076 3205 καὶ
2123 3137 2291 3206 Διό-

169 3265 361 3322 νυσος
428 3239 815 3327 διέφθειραν
874 3233 1024 3320 τοὺς
1075 3240 1243 3325 μύας
1299 3241 1431 3308 κτλ.
1538 3243 1722 3307 Hanc
1787 3242 2288 3326 explicationem

171 3346 468 3414 Crameri
538 3364 800 3427 quoque
868 3346 1328 3426 grammaticus
1395 3345 1734 3429 amplexus
1804 3367 1945 3411 esse
2012 3344 2289 3411 videtur.

175 3451 315 3516 Iam
360 3449 568 3532 igitur
614 3452 691 3512 ut
737 3447 1081 3532 explicatio
1140 3448 1545 3532 cognominis
1590 3445 1975 3541 Λυκηγενής
2027 3468 2291 3530 respon-

171 3553 290 3618 det
332 3551 590 3631 rationi,
638 3572 835 3635 quam
867 3551 1308 3635 Apollodorus
1355 3552 1670 3635 sequitur,
1715 3552 1811 3616 ita
1857 3552 2053 3617 etiam
2097 3555 2293 3632 Σμιν-

167 3653 338 3736 θεύς
383 3655 816 3738 cognomini83
864 3654 1050 3738 atqui
1080 3654 1194 3718 illa
1229 3653 1617 3738 Apollodori
1648 3661 1779 3731 est;
1825 3654 2049 3738 itaque
2089 3653 2288 3718 etiam

170 3759 336 3846 haec
398 3759 460 3825 ei
527 3757 916 3822 vindicanda
981 3756 1258 3825 videtur.
1374 3758 1541 3823 Tum
1600 3779 1634 3822 e
1693 3757 1979 3824 Macrob.
2048 3756 2182 3823 Sat.
2237 3756 2287 3839 Ι,

171 3884 312 3946 cap.
366 3869 463 3938 17,
521 3860 698 3944 quod
760 3859 1114 3926 conflatum
1173 3881 1315 3926 esse
1360 3881 1440 3925 ex
1483 3860 1865 3945 Apollodori
1908 3858 2068 3948 περὶ
2110 3861 2291 3926 θεῶν

170 3964 342 4030 libro
390 3963 655 4029 Miinzel
699 3985 763 4047 p.
814 3972 891 4030 15
939 3960 1300 4042 contendit,
1349 3963 1503 4027 huic
1550 3964 1789 4028 tribuit
1833 3967 1869 4047 ξ
1916 3970 1996 4030 64
2039 3955 2289 4028 Ἀπόλ-

172 4069 343 4133 λωνα
390 4065 841 4149 Διδυμαῖον
885 4075 1129 4144 vocant,
1174 4069 1340 4149 quod
1382 4071 1693 4151 qeminam
1724 4070 1987 4150 speciem
2020 4069 2124 4129 sui
2153 4086 2288 4127 uu—

173 4175 359 4236 mz'm's
417 4170 715 4258 praefert
789 4174 919 4254 ipse
995 4172 1440 4236 inluminando
1511 4172 1970 4257 formandoque
2044 4170 2292 4235 lunam:
