2969 4832
996 314 1411 376 —13-

143 482 346 567 epigr.
384 483 461 546 V.
501 489 560 549 5.
607 486 768 565 puto
815 467 1004 560 οὗλος
1046 480 1560 564 intellegendum
1603 502 1745 549 esse
1790 482 1871 548 de
1916 487 2100 547 motu
2144 481 2259 548 ad-

142 585 336 650 siduo
368 583 471 649 vel
515 583 901 664 vehementi,
947 604 1093 649 cum
1135 583 1217 648 de
1257 583 1457 668 crispi
1504 585 1770 651 notione
1815 586 2086 670 cogitari
2130 605 2259 650 non

144 688 375 772 possit.

320 791 724 869 Quattuor
768 791 973 876 igitur
1015 790 1385 856 notiones
1430 794 1615 855 certo
1658 792 1956 874 cognosci
1986 798 2263 875 possunt

148 893 450 960 vocabuli
497 881 700 976 οὖλος,
749 914 914 977 quas
961 893 1120 962 Call.
1169 914 1257 958 ex
1302 893 1641 959 Homero
1687 893 1937 977 petivit,
1991 915 2257 978 prorsus

148 998 322 1063 inter
353 1018 422 1063 se
457 997 786 1063 diversae:
832 996 1356 1086 perniciosus,
1403 997 1667 1081 niger,
1715 1002 1933 1063 totus
1979 997 2100 1064 vel
2144 998 2259 1063 in-

151 1100 519 1183 columis,
568 1105 939 1166 strenuus
983 1100 1104 1166 vel
1148 1100 1564 1166 vehemens
1609 1100 1690 1166 de
1735 1101 1994 1166 actione
2039 1101 2263 1184 aliqua

151 1204 286 1269 acri
355 1203 776 1288 assiduaque.
883 1205 982 1269 De
1037 1204 1268 1287 quinta
1321 1208 1541 1269 autem
1586 1203 1649 1268 vi
1695 1224 1864 1288 quae
1920 1206 2144 1270 subest
2195 1206 2263 1269 in

147 1306 341 1390 frgm.
391 1313 515 1374 140
569 1328 674 1373 res
730 1328 859 1372 non
914 1307 1010 1372 ita
1063 1311 1276 1392 patet3
1348 1307 1557 1373 conici
1621 1310 1844 1391 potest
1909 1328 2054 1372 eam
2121 1329 2264 1374 esse

150 1408 701 1494 significationem
760 1410 981 1495 crispi,
1050 1410 1261 1494 ipsam
1320 1429 1584 1493 quoque
1629 1408 1911 1476 fortasse
1957 1410 2263 1476 haustam

154 1533 232 1577 ex
279 1513 591 1583 Homero,

806 1703 853 1768 I.
902 1709 1001 1771 68.
1055 1694 1196 1789 μέγ’
1241 1696 1604 1790 ὗπείροχον.

245 1821 477 1915 Θήκαο
519 1822 871 1909 (Iuppiter)
903 1816 961 1888 δ’
996 1819 1239 1889 οἰωνῶν
1291 1814 1433 1908 μέγ’
1480 1817 1831 1909 ὑπείροχον
1875 1815 2267 1912 ἀγγελιώτην

236 1930 374 1994 σῶν
416 1922 661 2014 τεράων
693 1945 707 1961 ·
741 1920 784 1989 ὅ
826 1918 883 1990 τ’
932 1923 1147 2010 ἐμοῖσι
1192 1923 1415 2013 φίλοις
1459 1922 1714 2007 ἐνδέξια
1758 1921 2038 2013 φαίνοις.

324 2046 507 2113 Dicit
539 2045 699 2112 Call.
728 2046 797 2110 in
828 2044 1396 2111 antecedentibus:
1443 2045 1553 2124 Te,
1585 2046 1883 2130 Iuppiter
1914 2045 2015 2110 vel
2045 2046 2267 2128 potius

149 2150 534 2216 Ptolemaeo
558 2187 632 2198 —
656 2170 803 2214 nam
840 2148 1013 2215 hunc
1046 2148 1414 2233 significare
1434 2148 1901 2214 Callimachum
1927 2171 2115 2215 nemo
2138 2169 2269 2213 non

151 2252 390 2339 videt1)
427 2273 502 2302 -·-
535 2273 668 2318 non
697 2253 815 2319 tali
848 2251 1148 2318 fecerunt
1192 2252 1461 2318 deorum
1509 2272 1749 2334 regem,
1796 2251 1911 2318 sed
1944 2252 2121 2318 facta
2151 2257 2269 2317 tua

150 2364 403 2441 tuaque
434 2355 532 2421 vis
563 2362 632 2424 et
658 2361 975 2442 potestas,
1019 2360 1218 2441 atque
1262 2356 1412 2422 ideo
1459 2350 1625 2444 Βίην
1656 2359 1724 2423 et
1754 2352 2020 2444 Κάρτος
2062 2375 2269 2440 prope

149 2462 467 2526 thronum
521 2467 706 2527 tuum
751 2459 1241 2543 collocavisti.2)
1351 2460 1673 2525 Nuntium
1729 2465 1948 2526 autem
2002 2464 2270 2545 porten-

150 2569 374 2630 torum
431 2568 694 2628 tuorum
751 2563 1052 2629 creavisti
1106 2562 1397 2647 aquilam
1452 2560 1697 2631 οἰωνῶν
1738 2557 1880 2651 μέγ’
1928 2558 2274 2650 ὑπείροχον

152 2669 196 2733 i.
232 2689 286 2732 e.
320 2688 466 2733 eam
499 2688 680 2733 avem
715 2686 884 2750 quae
915 2667 1152 2732 ceteris
1183 2668 1523 2733 antecellit
1551 2668 2008 2752 magnitudine
2039 2666 2273 2746 forma,

151 2771 214 2835 vi
260 2770 686 2852 maiestate.³)
775 2769 925 2835 Jam
968 2791 1120 2835 vero
1166 2770 1342 2855 apud
1387 2771 1740 2837 Homerum
1787 2771 2006 2855 aquila
2058 2773 2116 2836 Θ
2146 2778 2272 2838 247

151 2903 240 2931 =
275 2874 340 2938 Ω
385 2880 510 2941 315
566 2873 937 2938 nominatur
1001 2870 1410 2954 τελειότατος
1465 2879 1814 2961 πετεηνῶν,
1887 2873 2061 2958 quod
2117 2873 2274 2957 quid

155 2976 562 3062 significaret
615 2998 746 3042 non
802 2977 1105 3042 omnibus
1151 2976 1440 3060 antiquis
1488 2977 1933 3061 grammaticis
1978 2981 2271 3061 apertum

156 3085 334 3157 erat;
406 3080 577 3147 duae
632 3083 802 3146 enim
865 3081 1232 3147 sententiae
1283 3081 1350 3145 in
1414 3080 1701 3144 medium
1745 3078 2273 3163 proferebantur,

157 3183 340 3266 quod
399 3183 696 3249 videmus
759 3205 837 3249 ex
893 3184 1095 3250 schol.
1151 3183 1263 3248 AD
1310 3182 1396 3247 ad
1449 3185 1508 3248 Θ
1553 3191 1676 3251 247
1733 3182 2103 3265 adscripto:
2166 3205 2276 3247 τε-

156 3284 496 3353 λειότατον
520 3307 536 3322 ·
558 3286 885 3375 μέγιστον,
918 3278 958 3378 ἢ
990 3285 1209 3377 ἐντελῆ
1242 3289 1477 3373 σημεῖα
1509 3282 1847 3374 φαίνοντα,
1874 3283 2277 3352 ἐπιτελεστι-

300 3514 349 3580 ¹)
391 3510 461 3566 cf.
501 3509 719 3582 Kuiper
751 3510 962 3565 Mnem.
996 3508 1168 3577 XIX,
1203 3510 1270 3564 66

299 3599 343 3664 ²)
383 3597 454 3653 cf.
479 3596 752 3652 Athenae.
774 3596 847 3666 V,
870 3597 969 3651 201
987 3595 1024 3650 d
1046 3595 1107 3650 in
1130 3594 1499 3666 descriptione
1523 3611 1761 3667 pompae
1783 3593 2086 3650 Bacchicae
2108 3609 2277 3664 quam

161 3699 194 3737 a
227 3683 557 3738 Ptolemaeo
591 3680 961 3753 Philadelpho
994 3681 1201 3736 factam
1236 3685 1428 3736 narrat
1461 3681 1777 3736 Oallixinus
1810 3678 2090 3735 Rhodius:
2125 3680 2192 3731 τὸ
2217 3676 2278 3731 δὲ

162 3774 255 3837 τῆς
294 3765 520 3842 Ἀρετῆς
572 3765 790 3839 ἄγαλμα
847 3766 913 3821 τὸ
970 3765 1245 3839 παρεστὸς
1295 3771 1379 3834 τῷ
1425 3767 1752 3837 Πτολεμαίῳ
1806 3771 2085 3839 στέφανον
2136 3765 2281 3833 εἶχεν

163 3855 347 3913 ἐλαίας
380 3857 642 3925 χρυσοῦν.

303 3944 345 4008 ⁸)
382 3940 453 3996 cf.
480 3938 808 3994 Athenaeus
835 3939 871 3995 1.
897 3940 930 3994 1.
959 3939 1060 3995 197
1073 3957 1107 3994 a
1140 3939 1199 3993 in
1234 3938 1602 4011 descriptione
1637 3936 1982 3994 tabernaculi
2016 3936 2090 3991 ad
2124 3952 2278 4006 pom-

165 4043 297 4099 pam
332 4026 495 4081 illam
542 4025 899 4096 spectandam
950 4025 1244 4081 exstructi:
1292 4024 1437 4078 κατὰ
1476 4023 1536 4078 δὲ
1569 4024 1672 4078 τὸν
1708 4022 2063 4096 ὑψηλότατον
2098 4020 2281 4074 τόπον

166 4116 257 4181 τῆς
295 4109 500 4185 ὀροφῆς
534 4107 690 4163 ἀετοὶ
725 4109 867 4163 κατὰ
905 4110 1214 4182 πρόσωπον
1246 4102 1393 4177 ἦσαν
1430 4107 1679 4177 ἀλλήλων
1712 4114 1925 4184 χρυσοῖ.
