2969 4832
1215 576 1433 660 Frgm.
1479 575 1660 661 apud
1703 575 2143 642 Reitzenstein
2191 582 2293 644 22.

869 712 1064 797 Apud
1131 712 1684 780 Reitzenstenium
1736 714 1781 779 1.
1837 712 1880 779 1.
1938 713 2127 798 frgm.
2183 721 2265 782 22
2319 735 2382 797 p.
2441 722 2520 782 10
2574 721 2681 782 est
2740 737 2834 782 ex

696 816 1147 901 Etymologico
1210 817 1493 900 genuino
1558 816 1868 901 petitum:
1936 811 2306 909 Ἀμάλη.ἦ
2353 812 2586 909 ἆπαλή
2609 869 2624 884 .
2651 815 2697 910 ἡ
2747 820 2835 885 δὲ

697 918 869 1002 λέξις
916 916 1326 986 Μακεδόνων
1352 970 1366 984 .
1410 914 1572 987 ὅθεν
1613 919 1724 987 καὶ
1773 917 2089 1006 πρόμαλα
2141 914 2393 1008 εἴρηται
2443 917 2480 1011 ἡ
2525 916 2659 1009 πρὸ
2706 928 2835 988 τοῐ·

702 1019 957 1102 δέοντος
1010 1018 1410 1106 αὐξανομένη
1452 1019 1710 1112 μυρίκη,
1765 1024 1994 1108 μαλεῖν
2036 1020 2157 1109 γὰρ
2200 1016 2277 1089 τὸ
2322 1016 2559 1106 αὔξειν,
2617 1025 2732 1091 καὶ
2781 1022 2829 1092 ὁ

697 1129 929 1212 τριχῶν
982 1119 1144 1206 &ww
1205 1116 1477 1213 αῗὶξησιν
1542 1123 1717 1213 μα’λη
1744 1177 1758 1190 .
1795 1122 1941 1192 ἔστι
1990 1125 2064 1193 δὲ
2109 1121 2368 1218 ἆπαλή,
2439 1127 2549 1194 καὶ
2603 1134 2830 1216 τροπῖ

698 1220 932 1318 ἀμάλη.
1014 1226 1472 1313 Καλλίμαχος·
1520 1224 1604 1319 ,,ἦ
1649 1227 1813 1317 μόνη
1858 1229 2043 1319 ῥύετο
2088 1234 2254 1310 παῖς
2297 1225 2577 1318 ἀμάλη.“
2666 1237 2830 1297 Με-

698 1329 957 1412 θόδιος.
1053 1331 1242 1410 Quod
1285 1333 1621 1399 Aetiorum
1688 1333 1876 1418 frgm.
1922 1334 2366 1415 Reitzenstein
2420 1338 2515 1400 ita
2566 1334 2823 1417 optime

700 1434 1089 1516 emendavit,
1167 1435 1409 1504 (κεῖνον
1454 1428 1549 1506 δ’)
1622 1430 1900 1524 (Ησιόνη
1921 1442 1971 1521 1)
2056 1433 2241 1524 ῥύετο
2326 1440 2491 1516 παῖς
2573 1429 2820 1525 ἀμάλη,

698 1544 914 1623 Atque
967 1559 1189 1604 vocem
1242 1530 1497 1623 ἀμαλός
1550 1537 1754 1605 habet
1798 1539 1956 1606 Call.
2004 1561 2085 1605 ex
2128 1540 2442 1620 Homero,
2493 1540 2607 1606 ubi
2654 1541 2823 1624 legi-

698 1648 811 1708 tur
855 1647 930 1708 X
970 1649 1095 1710 310

874 1738 1190 1833 ἁρπάξων
1234 1737 1279 1836 ἢ
1321 1737 1458 1834 c'ipv'
1506 1741 1765 1837 ἀμαλὴν
1809 1736 1851 1837 ἢ
1898 1748 2136 1811 πτῶκα
2179 1741 2449 1832 λαγωόν.

702 1854 771 1914 et
812 1873 851 1914 v
899 1855 977 1915 14

876 1944 965 2030 ὦς
1010 1948 1085 2016 δὲ
1128 1947 1295 2017 κύων
1338 1947 1640 2042 ἀμαλῇσι
1687 1951 1843 2040 περὶ
1892 1947 2276 2018 σκυλάκεσσι
2321 1957 2610 2037 βεβῶσα.

702 2053 833 2122 Sed
888 2052 1064 2137 apud
1117 2059 1468 2139 utrumque
1526 2059 1742 2121 locum
1798 2054 2152 2120 exstabant
2201 2050 2426 2123 variae
2472 2056 2819 2140 lectiones3

702 2156 944 2223 etenim
998 2156 1174 2239 apud
1225 2157 1512 2240 priorem
1564 2156 1861 2224 nonnulli
1927 2157 2307 2224 scribebant
2370 2149 2537 2245 c'iova
2577 2157 2818 2250 μαλήν.

704 2260 783 2327 cf.
838 2258 1141 2325 Eustath.
1198 2266 1353 2343 691,
1412 2269 1495 2330 50
1562 2259 1819 2327 ἐκεῖθεν
1886 2259 1961 2327 δὲ
2025 2260 2134 2327 καὶ
2203 2259 2271 2327 ἐν
2330 2254 2675 2350 Ὀδυσσείᾳ
2742 2255 2820 2328 τὸ

704 2356 846 2453 ἄρν’
890 2355 1149 2454 ἀμαλὴν
1189 2360 1256 2430 ἐν
1301 2366 1692 2454 συναλοιφῇ,
1740 2355 1937 2456 ἤγουν
1979 2356 2098 2456 τὴν
2142 2358 2399 2456 ἀμαλὴν
2442 2356 2590 2457 ἤτοι
2632 2359 2819 2431 ἁπα-

704 2463 824 2560 λὴν
878 2460 1058 2556 ὅῖρνα.
1162 2465 1353 2547 Τινὲς
1406 2467 1480 2535 δὲ
1537 2466 1668 2535 ἐκεῖ
1722 2461 1881 2554 ἷίρνα
1934 2468 2101 2555 φασὶ
2155 2463 2369 2559 μαλὴν
2423 2466 2694 2548 ἐντελῶς
2755 2466 2821 2534 ἐν

707 2568 1127 2658 δισυλλαβίᾳ,
1191 2565 1350 2637 ὅθεν
1413 2571 1528 2638 καὶ
1590 2569 1774 2659 παρὰ
1833 2568 2162 2659 Θεοκρίτῳ
2223 2569 2662 2661 μαλοπάρῃος
2678 2576 2732 2654 2)
2777 2566 2819 2662 ὴ

705 2669 1182 2763 ἆπαλοπάρῃος
1241 2673 1353 2741 καὶ
1404 2667 1685 2763 μαλερὸν
1737 2667 1816 2742 τὸ
1859 2666 2234 2762 εἴφθαρτον
2279 2669 2373 2741 δι’
2422 2669 2822 2760 ἁπαλότητα

706 2770 747 2869 ἢ
793 2768 873 2844 τὸ
915 2773 1318 2864 μαραντικόν
1382 2782 1516 2844 τῶν
1582 2773 1862 2844 ἁπαλῶν
1930 2775 2251 2861 σωμάτων
2307 2770 2348 2867 ’ἢ
2402 2774 2482 2845 τὸ
2539 2775 2823 2865 σκληρὸν

705 2872 873 2947 κατὰ
904 2872 1296 2966 ἀντίφρασιν
1324 2881 1459 2946 κτλ.
1537 2881 1618 2949 cf.
1652 2880 1848 2946 etiam
1881 2879 2185 2948 Eustath.
2237 2887 2421 2961 1270,
2455 2886 2555 2948 54.
2613 2881 2819 2946 Prae-

704 2990 891 3049 terea
934 2981 1120 3050 codd.
1165 2983 1344 3067 Lips.
1391 2988 1460 3049 et
1503 2983 1693 3050 Vind.
1743 2982 1990 3048 habent
2033 2979 2322 3074 ἆπαλήνς
2370 3008 2466 3071 γρ.
2514 2978 2818 3073 ἆπαλῇσι

707 3086 795 3152 ad
839 3111 877 3151 v
925 3093 1002 3154 14
1032 3085 1334 3169 praebet
1388 3086 1588 3152 etiam
1633 3085 1777 3153 cod.
1835 3084 2060 3167 Gonz.‚
2132 3107 2278 3152 cum
2323 3082 2654 3154 ἁπαλοῖσι
2699 3086 2817 3152 ha-

705 3188 861 3255 beat
904 3187 1190 3254 Galenus
1236 3188 1311 3270 V,
1370 3211 1433 3273 p.
1483 3198 1606 3258 304
1652 3189 1804 3274 (K).
1891 3177 2126 3256 'Altero
2179 3191 2386 3275 igitur
2437 3194 2613 3256 certe
2670 3188 2817 3254 loco

708 3292 961 3361 Gallim.
1029 3291 1208 3357 novit
1272 3293 1667 3376 scripturam
1732 3286 1990 3383 ἀμαλήν
2044 3292 2144 3358 vel
2190 3287 2495 3381 ἀμαλῇσι.
2612 3292 2817 3358 Dubii

708 3400 928 3462 autem
993 3399 1185 3461 erant
1241 3402 1498 3461 essetne
1556 3422 1600 3462 α
1642 3397 1708 3461 in
1755 3390 2007 3480 ἀμαλός
2051 3421 2095 3461 α
2138 3397 2531 3480 privativum
2587 3416 2672 3461 an
2717 3396 2815 3459 in-

708 3498 1053 3565 tensivum.
1116 3497 1197 3562 cf.
1245 3497 1445 3565 schol.
1493 3499 1547 3564 B
1592 3528 1680 3557 =
1722 3498 1960 3565 Townl.
1994 3503 2063 3564 et
2092 3499 2334 3564 GenaV.
2379 3498 2413 3562 I
2455 3498 2542 3564 ad
2588 3503 2664 3563 X
2690 3505 2815 3566 310

707 3594 966 3693 ἀμαλήν
985 3623 999 3638 ·
1046 3594 1332 3691 ἀπαλήν,
1386 3597 1557 3669 κατὰ
1619 3601 1990 3689 συγγένειαν
2042 3603 2175 3667 τῶν
2231 3597 2564 3683 στοιχείων
2590 3653 2604 3668 .
2633 3597 2693 3667 οἶ
2740 3598 2814 3667 δὲ

709 3701 848 3790 ἅμα
901 3710 984 3793 τῇ
1030 3703 1228 3792 μητρὶ
1287 3699 1637 3794 ἀλαμένην,
1696 3700 1764 3771 οἳ
1804 3704 1878 3771 δὲ
1921 3697 2041 3795 τὴν
2083 3702 2176 3795 μὴ
2225 3699 2494 3787 ἓῇιουσαν
2547 3700 2811 3788 μαλλόν,

709 3803 747 3874 ὅ
790 3806 933 3875 ἐστι
987 3803 1268 3894 ἰσχυρόν,
1329 3807 1444 3873 sed
1491 3807 1789 3874 Eustath.
1844 3815 2023 3888 1270,
2070 3814 2151 3873 54
2219 3798 2477 3897 ἀμαλὴν
2522 3804 2598 3872 δὲ
2643 3805 2810 3893 λέγει

849 4067 884 4132 ¹)
922 4065 991 4119 cf.
1027 4062 1285 4119 Schneid.
1319 4063 1482 4135 frgm.
1519 4064 1639 4121 560.

848 4153 891 4220 ἱ)
928 4149 1013 4204 Id.
1050 4148 1278 4217 XXVI,
1312 4151 1363 4219 1,
1398 4150 1548 4220 quod
1583 4166 1733 4205 nunc
1765 4148 2159 4224 μαλοποίραυος
2192 4150 2498 4223 pomicolor
2532 4150 2746 4222 legitur.
