2969 4832
996 354 1420 416 ...49-

149 539 297 585 eum
328 518 506 585 illam
542 520 805 585 Homeri
838 519 1059 603 pinum
1096 525 1270 585 stare
1302 520 1370 584 in
1401 520 1539 601 Ida,
1589 540 1719 605 qua
1751 540 1821 584 re
1854 519 2018 585 nihil
2051 514 2254 585 habet

149 624 326 704 miri,
372 623 550 706 quod
594 643 794 706 supra
838 622 1042 688 nubes
1088 628 1393 708 porrecta
1438 629 1541 689 est
1582 624 1649 689 in
1698 622 1989 706 aethera3
2036 629 2263 690 contra

152 725 313 794 Call.
359 747 440 792 ne
487 725 755 792 verbum
809 726 1071 811 quidem
1136 725 1299 791 dicit
1340 727 1656 810 populum
1701 725 1886 792 illam
1928 726 1997 791 in
2043 730 2264 792 monte

150 829 376 913 aliquo
422 833 702 895 stantem
750 850 820 895 se
865 827 1131 914 fingere.
1222 830 1425 913 Atqui
1471 830 1684 912 arbor,
1730 851 1900 915 quae
1943 830 2014 895 in
2057 830 2265 915 plani-

148 935 241 999 tie
288 937 443 1015 stat,
489 932 611 998 etsi
655 929 823 1018 μέγα
869 929 1165 1018 δένδρεον
1211 937 1328 1012 est,
1381 954 1517 999 non
1567 939 1788 1018 potest
1841 953 1982 1000 esse
2038 929 2264 1020 αἰθέρι

148 1041 363 1126 κῦρον.
451 1037 541 1103 Ut
596 1041 817 1102 autem
872 1056 952 1101 ex
1004 1035 1273 1100 Homeri
1338 1035 1482 1101 loco
1541 1041 1915 1121 comparato
1988 1041 2266 1121 apparet

151 1138 625 1206 Callimachum
668 1140 962 1205 nescium
1006 1137 1208 1204 fuisse
1250 1139 1559 1223 propriae
1606 1139 2107 1224 significationis
2150 1160 2264 1205 vo-

150 1245 241 1309 cis
282 1238 576 1329 αἰθέρος,
622 1243 717 1306 ita
762 1241 959 1307 etiam
1005 1241 1192 1325 sequi
1235 1241 1394 1307 mihi
1438 1242 1700 1308 videtur
1745 1264 1893 1309 eum
1938 1243 2266 1327 corrigere

151 1346 439 1410 voluisse
495 1344 941 1428 Apollonium3
1009 1366 1157 1411 cum
1203 1345 1376 1410 enim
1420 1345 1675 1430 legeret
1716 1346 1921 1428 illum,
1970 1349 2153 1411 certo'
2192 1351 2268 1409 ut

152 1447 576 1513 altitudinem
621 1446 1110 1533 significarem)
1166 1448 1385 1514 dicere
1431 1449 1736 1532 scopulos
1780 1448 2153 1533 prominere
2197 1449 2266 1513 in

153 1545 338 1637 ἀέρα,
389 1550 781 1616 meminerat
820 1551 1196 1633 Homerum,
1255 1556 1331 1618 ut
1374 1551 1797 1618 altitudinem
1852 1551 2109 1617 arboris
2156 1551 2267 1618 de-

153 1658 583 1734 monstraret,
651 1653 871 1720 facere
933 1654 1117 1719 illam
1187 1646 1273 1721 dc'
1344 1647 1527 1745 ἠέρος
1592 1650 1833 1741 αἰθέρα
1899 1649 2265 1736 ἰκάνουσαν,

152 1763 355 1841 atque
409 1756 559 1821 ideo
607 1757 1025 1841 Apollonium
1085 1757 1317 1839 docere
1363 1758 1491 1824 sibi
1537 1758 1713 1823 visus
1761 1763 1863 1822 est
1904 1757 2002 1822 illi
2047 1757 2268 1823 dicen-

158 1860 316 1926 dum
360 1859 566 1925 fuisse
611 1881 742 1926 non
790 1854 934 1950 ἠέρι
976 1863 1167 1949 κῦρον
1210 1860 1325 1926 sed
1374 1856 1604 1949 αἰθέρι
1648 1865 1853 1948 κῦρον.

326 1979 467 2045 Iam
513 2000 664 2046 vero
712 2002 793 2046 ex
837 1980 958 2061 his,
988 1982 1072 2047 ‘si
1127 1985 1305 2047 recte
1351 1980 1692 2064 disputata
1737 1986 1904 2061 sunt,
1973 1982 2270 2065 sequitur

154 2088 415 2151 sextum
460 2082 768 2168 hymnum
802 2083 1279 2150 Callimachum
1324 2085 1662 2168 scripsisse
1708 2090 1858 2167 post
1901 2083 2268 2149 absolutam

153 2193 270 2254 aut
335 2184 687 2253 ἐπέκὸοσιν
754 2192 871 2253 aut
937 2195 1114 2255 certe
1179 2186 1572 2276 προέκόοσιν
1650 2189 2270 2272 Argonauticorum3

154 2296 380 2356 utrum
411 2310 636 2355 verum
668 2290 773 2374 sit,
819 2291 927 2357 vix
967 2291 1323 2376 disceptari
1365 2292 1643 2376 poterit3
1687 2290 1813 2355 hoc
1856 2296 2072 2356 autem
2119 2313 2269 2357 con·

154 2393 422 2461 cludere
476 2414 820 2478 possumus
883 2394 1116 2461 falsam
1172 2416 1314 2462 esse
1361 2395 1729 2480 opinionem
1774 2394 2271 2477 Wilamowitzii,

155 2519 356 2582 quam
396 2498 676 2582 protulit
720 2498 1148 2566 Susemihlius
1193 2500 1261 2565 in
1307 2498 1494 2567 Anal.
1537 2499 1715 2566 Alex.
1760 2521 1820 2584 p.
1871 2507 1944 2566 11
1995 2520 2111 2582 sq.,
2155 2500 2270 2565 ubi

155 2602 317 2668 dicit
392 2601 871 2669 Callimachum
935 2601 998 2667 h.
1066 2602 1175 2670 VI.
1238 2603 1579 2688 scripsisse
1652 2603 1720 2668 in
1786 2602 1959 2668 diem
2033 2601 2270 2667 festum

155 2705 509 2786 Eleusinis,
555 2704 1003 2772 Alexandriae
1048 2704 1365 2787 suburbii,
1411 2728 1558 2772 cum
1589 2706 1683 2772 ibi
1715 2706 2027 2790 magister
2072 2711 2272 2786 esset3

156 2830 311 2874 nam
346 2829 492 2873 cum
534 2807 657 2874 hoc
700 2814 993 2893 tempore
1039 2806 1421 2875 adulescens
1463 2815 1639 2876 esset
1669 2807 1827 2875 Call.
1860 2808 1967 2893 (cs.
2002 2808 2271 2887 Susem.‚

157 2911 395 2978 Gesch.
464 2911 528 2978 d.
595 2912 834 2997 griech.
903 2915 1058 2981 Litt.
1120 2912 1169 2978 I.
1234 2936 1295 2998 p.
1355 2917 1524 2997 348),
1590 2912 1973 2997 Apollonius
2015 2917 2270 2977 tantum

157 3014 353 3082 abest
395 3020 472 3081 ut
508 3017 639 3080 iam
692 3017 997 3082 ultimum
1055 3017 1645 3100 Argonauticorum
1698 3015 1933 3082 librum
1980 3014 2272 3081 confece-

157 3120 265 3201 rit,
313 3123 391 3181 ut
435 3117 541 3183 vix
585 3123 780 3184 natus
828 3117 1047 3188 fuerit.
1134 3123 1350 3204 Atque
1397 3120 1597 3185 etiam
1630 3118 2053 3186 Susemihlius
2099 3139 2272 3182 nunc

160 3225 393 3287 contra
438 3220 996 3287 Wilamowitzium
1043 3226 1178 3288 stat
1219 3220 1285 3306 (1.
1332 3222 1375 3288 l.
1420 3245 1482 3307 p.
1532 3229 1679 3306 358,
1727 3226 1854 3304 56).

333 3323 461 3389 Sed
524 3329 600 3389 ut
658 3331 1062 3391 revertamur
1115 3324 1288 3390 unde
1342 3325 1618 3409 digressi
1662 3345 1913 3404 sumuS,
1982 3324 2272 3389 videmus

156 3448 285 3493 uno
356 3431 614 3492 tantum
665 3427 811 3493 loco
869 3426 1341 3494 Callimachum
1395 3423 1670 3516 αἰθέρος
1713 3426 2028 3492 vocabulo
2093 3430 2272 3491 recte

157 3551 354 3595 usum
408 3550 579 3612 esse,
647 3536 715 3596 et
759 3529 883 3596 hoc
934 3533 1208 3597 inscium
1276 3551 1470 3597 verae
1523 3532 1807 3596 notionis
1861 3529 2037 3595 vocis
2090 3528 2271 3593 illum

160 3633 393 3699 fecisse
441 3633 589 3719 quis
633 3635 1010 3719 negaverit?

306 3912 343 3975 1)
379 3925 512 3963 nam
549 3908 620 3964 cf.
657 3924 800 3980 quae
835 3912 1168 3980 sequuntur:

496 3992 695 4048 ἄλλοτε
731 3993 791 4047 δὲ
823 3994 1045 4066 βρύχιαι
1078 3992 1259 4059 νεάτῳ
1296 3987 1407 4044 ῦπο
1443 3994 1691 4062 πυθμένι
1727 3991 1942 4046 πόντου

494 4077 731 4151 ἠρήρειν,
768 4080 835 4135 τὸ
872 4079 932 4133 δὲ
967 4077 1176 4133 πολλὸν
1209 4078 1497 4148 ὑπείρεχεν
1531 4078 1725 4152 ἄγριον
1761 4077 1941 4147 οἶδμα.

1815 4188 1850 4238 4
