2969 4832
1006 341 1431 401 —29—

164 512 450 589 ineptum
493 507 644 569 mihi
685 506 940 569 videtur
985 500 1289 570 ε’νόπλιοι
1342 504 1426 579 ad
1472 500 1710 589 πρύλιν
1763 505 2038 568 relatum
2090 525 2282 587 quum

167 616 225 674 et
262 611 455 692 plane
502 611 761 672 otiosum
803 610 905 687 sit,
950 626 1061 671 nec
1092 628 1159 670 eo
1183 609 1458 690 positum
1493 608 1623 671 loco
1655 628 1775 690 quo
1809 608 1972 671 alias
2001 609 2284 670 videmus

166 713 436 795 epitheta
483 713 679 775 otiosa
717 717 957 793 posita,
1027 714 1068 773 i.
1116 731 1165 774 e.
1225 713 1522 797 promime
1576 712 1930 774 nominibus
1987 712 2071 773 ad
2124 731 2282 793 quae

167 818 549 900 referuntur
581 835 634 881 e.
669 834 730 897 q.
761 834 811 882 s,
888 811 1078 891 Quod
1109 817 1332 877 autem
1364 812 1471 876 hic
1503 812 1780 878 vidimus
1812 812 2280 880 Callimachum

168 938 311 985 eam
381 917 775 983 sententiam
841 916 1193 1000 protulisse
1252 936 1449 999 quam
1507 917 1907 1000 posteriores
1962 937 2285 998 gramma·

167 1021 286 1086 tici
320 1020 701 1086 Aristarcho
742 1019 1138 1101 tribuerunt,
1182 1019 1359 1084 idem
1390 1019 1586 1084 etiam
1620 1020 1879 1102 saepius
1900 1024 1947 1100 1)
1990 1018 2284 1083 animad-

169 1129 516 1192 vertemus,
1763 1114 1774 1129 χ

351 1225 451 1291 Ad
499 1227 841 1311 sequentia
885 1230 1102 1290 autem
1831 1303 1838 1311 ,

1222 1325 1228 1332 '
1325 1320 1651 1417 ὖπήεισαν
1693 1327 1767 1394 δὲ
1811 1322 2048 1416 λίγειαι

413 1428 780 1498 λεπταλέον
830 1428 1140 1518 σύριγγες,
1185 1429 1295 1495 ἵνα
1340 1427 1680 1521 ρήσσωσιν
1697 1435 1747 1516 ²)
1797 1425 2047 1521 ὁμαρτῗ

174 1534 522 1600 Scheerius
571 1557 634 1620 p.
686 1542 764 1603 12
811 1555 908 1618 sq.
959 1534 1092 1599 iam
1146 1532 1374 1598 docuit
1429 1534 1898 1602 Callimachum
1959 1538 2026 1600 in
2067 1541 2126 1600 Σ
2164 1543 2289 1603 570

171 1634 383 1704 λίνον
446 1637 850 1704 intellexisse
912 1635 1258 1702 chordas
1303 1656 1339 1702 e
1382 1635 1517 1703 lino
1572 1637 1815 1717 factas,
1885 1637 2002 1703 sed
2062 1638 2123 1706 h.
2177 1638 2289 1706 IV.

175 1749 301 1810 304
363 1742 751 1808 sententiam
821 1745 1053 1825 postea
1116 1739 1200 1805 ab
1263 1739 1705 1824 Aristophane
1773 1746 1840 1807 et
1900 1742 2289 1808 Aristarcho

175 1845 700 1934 commendatam
746 1843 1119 1928 amplexum
1164 1864 1325 1927 esse,
1374 1843 1627 1909 scilicet
1670 1841 1841 1910 λίνον
1887 1865 2031 1910 esse
2075 1842 2292 1930 γένος

173 1973 241 2015 τι
271 1943 309 2012 ὅ
320 1974 369 2032 μ
385 1972 467 2015 νο
482 1973 538 2014 υ.
614 1948 713 2015 De
744 1947 1077 2031 Apollonii
1120 1946 1447 2012 sententia
1479 1946 1559 2013 cf.
1594 1946 1862 2013 Merkel.
1895 1947 1937 2011 l.
1970 1947 2011 2012 l.
2044 1969 2105 2031 p.
2137 1948 2301 2029 CLI‚.

177 2051 257 2116 de
290 2040 435 2116 tota
465 2051 852 2135 quaestione
883 2050 1204 2134 Spitzneri
1240 2071 1582 2116 excursum
1616 2049 1701 2114 ad
1746 2050 2026 2115 Iliadem
2058 2050 2291 2117 XXIX.

851 2240 960 2304 IV.
1009 2247 1111 2307 27.
1159 2233 1623 2328 ἀμφιβέβηκεν.

438 2361 620 2453 Δῆλε
662 2353 841 2449 φίλη,
887 2355 1068 2441 τοῖός
1112 2383 1185 2429 σε
1229 2359 1532 2450 βοηθόος,
1565 2352 2033 2449 ἀμφιβέβηκεν.

322 2465 629 2532 Fortasse
653 2464 758 2530 hic
780 2465 1020 2548 aliquis
1046 2464 1289 2531 dixerit
1309 2455 1605 2552 βοηθόος
1628 2487 1769 2532 esse
1798 2466 2080 2531 otiosum
2107 2466 2291 2531 addi·

178 2574 568 2646 tamentum3
612 2590 743 2636 non
787 2574 986 2650 recte,
1012 2590 1182 2652 ⁸nam
1233 2560 1618 2655 ἀμφιβαίνω
1650 2568 1917 2635 verbum
1965 2570 2059 2634 sic
2104 2592 2293 2635 usur-

178 2677 406 2757 patum
468 2693 610 2739 esse
656 2694 697 2739 a
744 2670 1142 2739 Callimacho
1202 2676 1278 2736 ut
1330 2671 1508 2756 apud
1569 2673 1923 2738 Homerum
1970 2678 2050 2738 A
2098 2682 2176 2742 37
2223 2664 2299 2754 ὃς

181 2773 450 2863 Χρύσην
492 2768 953 2865 ἀμφιβέβηκας
997 2775 1097 2843 vel
1139 2801 1165 2841 ι
1202 2783 1321 2843 198
1369 2765 1443 2854 ὃς
1467 2768 1777 2863 Ἴσμαρον
1821 2768 2299 2868 ἀμφιβεβήκειν

181 2880 330 2962 quis
397 2884 499 2944 est
564 2880 723 2963 quin
789 2879 1050 2945 videat‘?
1119 2883 1318 2962 Atqui
1373 2880 1499 2945 hoc
1557 2882 1824 2946 verbum
1872 2901 1913 2945 a
1964 2881 2297 2947 nonnullis

182 2981 348 3045 falso
393 2982 803 3068 intellectum
848 2988 950 3048 est
993 2983 1061 3047 in
1106 2983 1325 3047 medio
1373 2983 1618 3067 oppido
1676 2985 1934 3062 sedere,
1991 2984 2148 3064 coli3
2215 2984 2303 3052 οἲ..

181 3085 394 3169 Etym.
464 3084 680 3169 Magn.
746 3092 856 3164 90,
920 3092 995 3151 13
1063 3077 1557 3173 ἀμφιβέβηκας.
1623 3081 2099 3176 ὖπερασπίζῃ·
2132 3079 2298 3152 κατὰ

179 3184 563 3276 μεταφορὰν
605 3182 746 3254 ἀπὸ
788 3191 922 3255 τῶν
951 3181 1203 3274 ἀλόγων
1237 3186 1445 3277 ζῳων.
1522 3193 1743 3256 Ταῦτα
1786 3187 1906 3313 γὰρ
1952 3195 2300 3313 περιβεβη-

182 3288 346 3358 κότα
375 3314 622 3357 εαυτων
647 3295 785 3371 τοῖς
825 3290 1081 3372 τέκνοις
1124 3285 1431 3376 ἀμύνεται
1462 3283 1613 3370 τοὺς
1629 3283 1976 3371 επιόντας.
2025 3287 2139 3357 Ἠ
2160 3286 2300 3358 ἀπὸ

181 3398 314 3460 τῶν
338 3392 859 3481 περιβαινόντων
887 3398 1029 3475 τοῖς
1059 3419 1127 3460 εν
1158 3398 1251 3483 τῷ
1278 3392 1555 3481 πολέμῳ
1584 3392 1936 3483 τεθνηκόσι
1966 3395 2079 3461 καὶ
2112 3390 2301 3520 ὑπερ-

183 3494 575 3581 μαχούντων,
621 3497 731 3564 ἵνα
772 3523 866 3589 μη
913 3497 1329 3565 σκυλευθῶσι
1374 3495 1486 3563 καὶ
1529 3490 1965 3585 ὖβρισθῶσιν.
2033 3491 2138 3563 ’H
2181 3498 2300 3582 μέ-

184 3623 321 3680 σος
365 3596 759 3688 κάθησαι,
809 3598 884 3668 ἐν
930 3595 1118 3690 αυτῇ
1161 3598 1614 3724 τιμώμενος
1657 3598 1885 3691 ω’σπερ
1929 3602 2298 3685 πολιοῦχος.

184 3699 419 3770 Κλῦθί
459 3726 583 3787 μευ
627 3698 1027 3792 ἀργυρότοξ’,
1099 3730 1171 3784 ος
1215 3702 1483 3792 Χρύσην
1527 3697 1997 3794 ἀμφιβέβηκας.
2085 3711 2300 3790 Atque

183 3807 385 3873 etiam
445 3828 619 3873 nunc
682 3828 802 3892 per
866 3808 1134 3874 tenendi
1193 3807 1464 3873 verbum
1533 3808 1826 3873 reddunt
1870 3808 2301 3874 Hoffmannus

326 4050 374 4116 1)
410 4046 481 4101 cf.
516 4046 663 4102 infra
697 4048 769 4102 ad
803 4045 868 4101 II
903 4048 972 4103 60
1006 4051 1062 4102 et
1096 4047 1168 4103 ad
1204 4047 1301 4102 111
1337 4049 1423 4104 51.

324 4136 368 4202 ²)
402 4132 485 4187 ita
519 4148 622 4203 ego
657 4132 893 4199 conieci;
930 4132 998 4187 cf.
1034 4133 1178 4188 infra
1213 4151 1263 4190 a.
1298 4134 1352 4188 h.
1390 4135 1423 4188 1.
