2969 4832
995 352 1419 418 „77ss

164 520 247 587 ad
292 526 335 586 I
371 529 523 589 336:
569 519 880 589 σύνθετον
924 519 998 588 δέ
1039 519 1183 586 ἐστι
1231 513 1417 607 παρὰ
1459 512 1537 585 τὸ
1582 512 1717 605 ἷίρω
1759 514 2086 609 θυμαρής.
2155 515 2265 584 καὶ

164 618 359 702 οὕτως
402 621 761 710 ἀνέγνωμεν
805 616 1132 708 ,,Εἷ)’μαιος
1176 616 1233 689 δ’
1268 615 1394 710 ἄρα
1440 618 1505 689 οἶ
1553 625 1886 712 σκῆπτρον
1928 620 2268 706 θυμαρές“
2397 658 2402 665 -

165 719 271 791 διὰ
314 731 430 792 τοῦ
474 731 518 791 ἆ
544 750 556 763 ·
583 722 653 793 οὐ
697 724 816 813 γάρ
861 724 1000 793 ἐστι
1044 723 1436 814 παρώνυμον
1481 723 1595 794 διὰ
1639 728 1752 789 τοῦ
1796 749 1955 811 ηρης
1981 746 1995 761 ·
2019 722 2104 793 τὰ
2147 722 2266 813 γὰρ

167 823 274 894 διὰ
303 834 416 896 τοῦ
447 856 601 917 ηρης
631 830 740 896 καὶ
772 830 943 918 ωδης
973 826 1336 917 παρώνυμα
1365 826 1730 915 βαρύνεται,
1763 825 2056 916 ξιφήρης,
2089 820 2266 914 ὀλιγ-

167 929 352 1022 ήρης,
398 930 695 1025 τοξήρης,
744 927 991 1021 ὄνιόόης
1032 931 1142 998 καὶ
1186 930 1416 1018 βώὸης.
1508 930 1766 995 Alteri
1812 930 1896 995 ad
1943 928 2160 1014 θυμός
2203 938 2269 995 et

163 1029 456 1124 ἀρέσκω
498 1036 892 1117 referebant,
939 1034 1018 1100 cf.
1053 1035 1247 1100 schol.
1277 1039 1333 1099 A
1364 1033 1521 1102 ibid.
1572 1029 1881 1118 θυμαρέα
1907 1054 1921 1068 ·
1961 1036 2045 1121 τῇ
2091 1040 2266 1123 ψυχῇ

163 1130 591 1222 ἀρέσκουσαν,
637 1134 932 1228 θυμήρη,
982 1158 1114 1221 quo
1161 1137 1229 1202 in
1275 1138 1523 1204 scholio
1571 1137 1860 1203 videmus
1908 1134 2074 1201 duas
2119 1158 2268 1201 con-

163 1243 401 1306 trarias
464 1243 824 1309 sententias
882 1240 1304 1317 confluxisse3
1373 1241 1556 1308 Suid.
1624 1235 1971 1326 θυμαρέα·
2007 1235 2125 1327 τὴν
2191 1243 2270 1327 τῇ

143 1348 340 1432 ψυχῇ
384 1336 825 1433 άρέσκουσαν,·
891 1343 1044 1408 Hes.
1087 1347 1172 1431 τῇ
1231 1347 1408 1432 ψυχῇ
1460 1335 1733 1427 άρεστά;
1802 1341 2011 1425 Apoll.
2071 1341 2267 1425 Soph.

164 1453 259 1527 88,
307 1453 389 1516 28
437 1447 869 1534 θυμάρεστον.
964 1445 1067 1511 Et.
1114 1447 1330 1529 Magn.
1378 1453 1534 1525 458,
1599 1454 1679 1514 25
1726 1440 1823 1533 ’τῇ
1880 1447 2059 1533 ψυχῇ
2113 1439 2267 1531 cine·-

166 1570 474 1631 σκουσαν,
544 1548 829 1641 θυμήρη.
918 1541 1119 1636 Παρὰ
1169 1546 1239 1616 τὸ
1284 1541 1504 1632 θυμὸς
1547 1547 1658 1615 καὶ
1702 1547 1779 1614 τὸ
1836 1539 1975 1633 ἀρῶ
2027 1543 2270 1633 γίνεται

165 1650 483 1744 θυμαρής.
558 1659 773 1738 Atque
805 1653 969 1719 Call.
1013 1651 1328 1735 eo,'quod
1372 1673 1609 1718 novum
1654 1652 1843 1716 finxit
1885 1650 2273 1717 vocabulum

167 1753 600 1842 θυμάρμενον,
643 1756 1116 1823 demonstravit
1148 1776 1217 1820 se
1247 1752 1558 1846 θυμαρής
1588 1753 1971 1820 vocabulum
2006 1774 2047 1819 a
2075 1752 2272 1820 verbo

165 1848 296 1946 ἷίρω
339 1860 650 1926 derivare.
749 1859 883 1924 Nos
932 1865 1152 1925 autem
1206 1860 1374 1924 hanc
1428 1858 1941 1924 controversiam
2007 1858 2267 1922 inanem

165 1959 361 2027 fuisse
407 1964 678 2041 scimus3
722 1984 874 2028 nam
917 1984 1065 2030 cum
1109 1967 1177 2028 et
1221 1953 1379 2050 ἷίρω,
1426 1954 1761 2049 ἇραρίσκω
1805 1966 1872 2027 et
1900 1953 2153 2047 ἀρέσκω
2185 1960 2269 2026 ab

165 2064 385 2129 eadem
436 2067 641 2150 stirpe
683 2088 787 2131 ar·
821 2066 1117 2132 derivata
1147 2071 1383 2147 essent,
1429 2087 1503 2129 re
1547 2065 1901 2129 concinunt
1947 2085 2269 2148 gramma-

164 2166 273 2230 tici
318 2169 444 2233 etsi
489 2170 706 2235 verbis
755 2168 1155 2252 discrepant.
1247 2167 1549 2234 Ceterum
1597 2167 1677 2234 cf.
1721 2168 1802 2234 de
1847 2187 2000 2232 voce
2045 2172 2267 2250 θυμα-

166 2268 275 2360 ρής
318 2271 616 2356 Spitzner
662 2273 837 2359 adl
874 2280 995 2341 336
1045 2278 1112 2337 et
1156 2271 1316 2336 Lob.
1366 2271 1554 2338 Path.
1601 2293 1661 2354 p.
1709 2278 1854 2339 267.

329 2376 523 2442 Addo
581 2375 1046 2443 Callimachum
1115 2396 1262 2441 cum
1331 2380 1663 2458 narraret,
1732 2373 2061 2457 quomodo
2119 2378 2265 2440 Am-

165 2478 449 2545 nisiades
519 2486 860 2547 curassent
927 2479 1175 2545 Dianae
1246 2499 1501 2558 cervas,
1568 2478 1783 2544 locum
1852 2478 2268 2544 recordatum

171 2602 327 2662 esse,
376 2584 488 2667 qui
535 2589 636 2649 est
677 2586 744 2649 in
799 2585 858 2650 Θ
901 2605 959 2648 v,
1014 2589 1133 2649 185
1182 2603 1356 2665 sqq„
1403 2582 1517 2646 ubi
1563 2582 1810 2647 Hector
1854 2602 2057 2664 equos
2115 2601 2267 2646 suos

164 2686 677 2766 commonefacit,
726 2707 860 2771 qua
893 2685 1396 2752 Andromachae
1442 2705 1602 2750 cura
1645 2686 1747 2750 usi
1793 2686 1941 2764 sint,
1990 2690 2056 2751 et
2103 2684 2264 2750 dicit

163 2808 213 2850 v.
260 2796 382 2857 188

371 2888 523 2976 ὑμῖν
567 2886 708 2981 πὰρ
753 2890 1137 2980 προτέροισι
1178 2887 1540 2979 μελίφρονα
1583 2883 1790 2978 πυρὸν
1832 2886 2070 2981 ἔθηκεν

371 2989 544 3063 οἶνόν
586 2990 644 3062 τ’
693 2993 1103 3084 ἐγκεράσασα
1149 2999 1352 3076 πιεῖν,
1402 2990 1512 3062 ὅτε
1554 2991 1778 3079 θυμὸς
1823 2987 2057 3083 ἀνώγοι

370 3092 416 3191 ἢ
459 3096 625 3184 ἐμοί,
674 3096 747 3180 ὅς
790 3098 920 3187 πέρ
964 3094 1029 3166 οἱ
1072 3090 1357 3185 θαλερὸς
1399 3094 1606 3177 πόσις
1637 3091 1923 3181 -εἷὲχομαι
1968 3092 2152 3166 εἶναι.

162 3201 364 3281 Quem
408 3203 496 3269 ad
539 3226 596 3273 v,
643 3203 821 3288 apud
867 3203 1069 3270 schol.
1117 3202 1172 3265 A
1216 3202 1465 3284 scripta
1509 3201 1845 3284 leguntur:
1901 3196 2264 3285 άθετεῖται,

164 3300 262 3373 ὅτι
306 3303 716 3392 γελοιότατος
762 3304 880 3372 ἐπὶ
924 3306 1162 3371 ἵππων
1207 3299 1243 3371 ὃ
1285 3302 1529 3385 στίχος,
1586 3297 1689 3370 ὅτι
1735 3296 1899 3371 οἶνον
1940 3305 2150 3372 ἵπποι
2195 3300 2270 3372 οὗ

164 3405 427 3476 πίνουσι
463 3431 478 3446 ·
514 3408 625 3476 καὶ
683 3405 791 3477 ὅτε
836 3402 1051 3494 θυμὸς
1105 3403 1344 3492 ἀνώγοι
1405 3402 1502 3485 εἰς
1558 3404 1775 3495 μέθην
1830 3408 2081 3494 γελοῖον
2113 3429 2129 3448 ·
2162 3409 2270 3475 καὶ

164 3505 346 3599 παρὰ
374 3507 836 3601 Ἀριστοφάνει
881 3505 1241 3593 άθετεῖται,
1288 3510 1371 3579 cf.
1402 3510 1599 3576 schol.
1629 3511 1869 3578 Townl.
1922 3504 2165 3599 ψυχρὸν
2195 3511 2268 3577 δὲ

164 3610 277 3680 ἐπὶ
319 3615 555 3682 ἳππων
598 3616 710 3682 καὶ
752 3609 832 3683 τὸ
875 3611 1029 3699 »ὅτε
1072 3612 1292 3700 θυμὸς
1334 3607 1637 3700 ἀνώγοιίι.

800 3823 805 3830 ’
874 3806 1090 3889 Frgm.
1146 3811 1285 3872 124.
1333 3798 1560 3882 ἔνδιος.

332 3925 686 3991 Merkelius
730 3926 923 3991 homo
970 3925 1201 3991 doctus
1245 3924 1287 3992 1.
1333 3923 1373 3988 l.
1421 3944 1481 4007 p.
1530 3929 1648 3990 176
1699 3922 1863 3989 duas
1909 3923 2269 4009 composuit

172 4028 635 4112 originationes
690 4028 866 4094 vocis
922 4022 1148 4106 ἔνδιος.
1235 4026 1509 4093 Altera
1563 4031 1782 4092 exstat
1840 4027 1905 4092 in
1960 4027 2160 4094 schol.
2209 4029 2263 4094 Β

168 4129 248 4193 ad
307 4130 346 4195 d
386 4139 514 4199 450
570 4127 778 4211 ἔνδιος
807 4154 821 4168 ·
852 4127 1317 4218 μεσημβρινός,
1385 4120 1535 4219 ἤτοι
1591 4126 1757 4195 κατὰ
1821 4127 1939 4222 τὴν
2000 4154 2255 4222 μεσημ-
