2969 4832
999 359 1420 420 „99-

169 524 325 588 enim
372 524 538 588 nihil
570 523 651 589 de
686 543 764 589 eo
797 524 1056 604 scimuS,
1100 524 1228 589 nisi
1273 523 1398 588 hoc
1442 545 1569 591 non
1616 528 1769 609 post
1820 523 2263 590 Aristarchum

168 647 302 691 eum
349 628 603 709 vixisse,
664 649 813 694 cum
859 627 966 692 hic
1010 625 1249 692 librum
1296 620 1480 714 Πρὸς
1527 624 1851 713 Κωμανόν
1868 632 1918 710 1)
1965 627 2262 713 scripsis-

168 734 273 795 set.
363 731 524 796 Tum
581 729 978 815 sequebatur
1031 734 1095 796 in
1151 730 1397 796 scholio
1457 732 1784 798 sententia
1836 730 2057 814 aliqua
2102 731 2263 796 Pisi·

167 833 351 898 strati
374 834 666 917 Ephesii,
701 854 869 918 quae
904 834 1220 900 excidisse
1252 834 1531 914 videtur,
1579 833 1999 900 nihilominus
2044 840 2265 900 autem

166 956 238 1001 ne
288 937 507 1021 ipsum
574 937 843 1021 quidem
900 960 1139 1004 nomen
1204 937 1437 1003 inutile
1506 942 1632 1015 est;
1706 937 2032 1002 invenitur·
2095 939 2265 1003 enim

167 1039 332 1122 apud
375 1040 568 1124 Diog.
612 1042 829 1108 Laert.
876 1043 959 1122 ΙΙ,
1001 1050 1058 1120 7,
1105 1049 1187 1109 60
1232 1062 1280 1107 s.
1327 1040 1370 1105 f.
1420 1066 1510 1107 ων
1554 1036 1992 1126 (ὃιαλόγων9))
2039 1065 2101 1107 οι
2144 1038 2267 1125 μὲν

165 1139 527 1226 καλούμενοι
590 1138 907 1231 ἀκέφαλοι
974 1138 1206 1232 σφόδρ’
1266 1140 1434 1210 εἰσὶν
1480 1141 1933 1227 ἐκλελυμμένοι
1988 1142 2100 1209 καὶ
2153 1138 2266 1210 οὐκ

166 1242 624 1333 ἐπιφαίνοντες
679 1241 799 1337 τὴν
853 1240 1274 1338 Σωκρατικὴν
1327 1239 1644 1328 εὐτονίαν,
1701 1270 1809 1327 ους
1864 1246 1975 1313 καὶ
2020 1243 2264 1313 Πεισί-

168 1369 435 1435 στρατος
490 1344 526 1416 ὁ
578 1342 882 1439 Ἐφέσιος
949 1346 1123 1438 ε’λεγε
1183 1344 1274 1441 μὴ
1341 1343 1508 1416 εἶναι
1566 1346 1931 1432 Αἶσχίνου;
1999 1371 2127 1434 quo
2195 1351 2261 1414 in

165 1450 327 1533 loco,
395 1474 542 1518 cum
599 1474 868 1536 prorsus
931 1455 1195 1538 ignotus
1264 1458 1436 1519 esset
1494 1453 1874 1518 Pisistratus
1928 1452 2263 1537 Ephesius,

166 1554 369 1638 Roper
386 1559 440 1639 ⁸)
500 1554 631 1640 legi
686 1557 892 1623 voluit
939 1559 1399 1624 Mnesistratus
1446 1556 1742 1622 Thasius
1851 1555 2102 1621 Deinde
2149 1578 2262 1623 au-

165 1661 282 1722 tem
332 1660 635 1741 sequitur
675 1662 743 1725 in
784 1660 1033 1726 scholio
1080 1682 1393 1726 excursus
1442 1660 1602 1725 satis
1647 1659 1879 1743 longus
1911 1659 2263 1743 Hermoge-

165 1761 271 1841 nis,
320 1764 436 1845 qui
481 1760 550 1828 ἐν
593 1766 686 1850 τῷ
734 1762 889 1849 περὶ
932 1761 1414 1851 προβλημάτων
1453 1763 1625 1828 hanc
1681 1763 2066 1828 sententiam
2112 1781 2262 1846 pro-

166 1865 504 1930 nuntiavit:
554 1864 957 1953 ,,ἑγέγραπτο
1001 1864 1355 1951 μελδόμενο
1397 1865 1510 1931 καὶ
1554 1866 1700 1932 δέον
1744 1852 1822 1955 ἦν
1865 1862 1943 1932 τὸ
1982 1891 2019 1932 υ
2052 1888 2261 1952 προσ-

166 1970 408 2048 θεῖναι,
484 1975 699 2048 κακῶς
766 1969 840 2036 δέ
892 1994 996 2050 τις
1054 1963 1130 2036 τὸ
1184 1993 1225 2036 σ
1280 1967 1739 2057 προσέρραψεν
1771 1991 1784 2005 ·
1851 1965 1887 2035 ὅ
1941 1961 2062 2056 γὰρ
2119 1973 2264 2048 νοῦς

166 2076 240 2159 τῇ
280 2068 510 2161 κνίσσῃ
566 2072 914 2160 τηκομένου
965 2076 1077 2138 τοῦ
1122 2070 1335 2152 συός.“
1380 2073 1514 2138 κτλ.
1621 2073 1827 2137 Huius
1872 2074 2073 2156 igitur
2118 2094 2263 2138 sen-

165 2174 427 2239 tentiam
472 2175 674 2244 schol.
721 2178 958 2243 Townl.
1006 2197 1298 2242 servasse
1344 2177 1621 2242 videtur.

993 2410 1209 2494 Frgm.
1258 2416 1402 2477 537.

340 2561 394 2619 Y
434 2563 557 2624 332
603 2556 946 2640 Neptunus
993 2557 1374 2640 adloquitur
1417 2558 1703 2621 Aeneam

486 2656 753 2741 Αἰνεία,
797 2657 901 2741 τίς
947 2653 1009 2726 σ’
1055 2646 1181 2752 ὧδε
1223 2663 1405 2726 θεῶν
1449 2652 1723 2725 ἀτέοντα
1767 2655 2003 2724 κελεύει

485 2755 677 2828 ἀντία
721 2764 1099 2853 Πηλεΐωνος
1143 2758 1559 2852 ὑπερθύμοιο
1600 2758 1968 2845 μάχεσθαις

165 2859 281 2927 Sed
335 2885 454 2947 pro
515 2864 786 2933 ἀτέοντα
841 2866 1089 2933 habent
1141 2866 1332 2935 Vind.
1386 2864 1643 2953 ἀέκητι,
1716 2867 1901 2933 Cant.
1966 2856 2257 2946 ἀέκοντα,

166 2964 514 3035 deteriores
579 2968 908 3051 χατέοντα.
999 2969 1257 3036 Nauck.
1328 2971 1593 3053 scripsit
1658 2962 1991 3036 ἀατεῦντα.
2090 2967 2261 3046 Quid

164 3074 371 3135 autem
426 3071 585 3137 Call.
652 3073 905 3158 legerit,
974 3075 1278 3159 cognosci
1343 3078 1565 3158 potest
1632 3094 1667 3139 e
1732 3072 1935 3137 schol.
1994 3092 2050 3139 a.
2104 3071 2166 3135 h.
2220 3072 2261 3136 l.

162 3172 370 3257 (frgm.
417 3181 571 3255 537)
613 3168 903 3256 ἀτέοντα,
950 3171 1507 3266 ἀφροντιστοῦντα
1535 3230 1550 3245 .
1581 3173 2035 3260 Καλλίμαχος·
2069 3179 2261 3239 Mov-

163 3274 322 3342 σέων
371 3282 584 3358 κεῖνος
638 3273 802 3371 ἀνὴρ
859 3273 1054 3348 ἀτέει.
1129 3307 1173 3347 α
1217 3287 1429 3347 autem
1502 3282 1567 3344 in
1630 3279 1754 3344 hoc
1804 3278 2004 3344 verbo
2063 3277 2259 3343 breve

162 3380 409 3446 videtur
455 3383 884 3465 existimasse,
931 3406 1077 3449 cum
1123 3385 1249 3448 vim
1295 3384 1353 3449 ei
1400 3383 1727 3449 tribueret
1771 3381 2177 3465 privativam.

293 3685 334 3754 ¹)
369 3686 437 3740 cf.
472 3684 703 3753 Didym.
741 3681 813 3737 ad
848 3688 906 3734 A
941 3684 1027 3750 97,
1062 3689 1112 3734 Β
1147 3683 1268 3750 798,
1304 3686 1356 3734 Ω
1387 3682 1507 3737 110.

299 3773 340 3841 ¹)
374 3771 668 3827 Aeschinis
704 3769 996 3837 Socratici,
1054 3785 1220 3839 quem
1277 3767 1638 3823 Menedemus
1696 3765 1980 3821 contendit
2015 3764 2257 3821 Socratis

164 3857 463 3928 complures
500 3857 750 3928 dialogos
787 3872 821 3910 a
855 3855 1182 3926 Xanthippe
1216 3858 1468 3925 acceptos
1504 3852 1777 3925 professos
1812 3867 1931 3907 esse
1962 3866 2107 3905 suos.

295 3946 335 4012 ⁸)
370 3943 644 4014 Philolog.
682 3941 798 4010 III,
833 3960 890 4014 p.
925 3943 1009 3997 58.

1757 4251 1826 4305 7*
