2969 4832
103 544 160 606 Σ
200 546 287 609 98
338 537 583 623 legisse
638 558 758 603 nec
806 529 920 605 οὐκ
973 528 1056 619 ἂρ
1110 530 1390 620 ἔμελλον,
1457 536 1636 620 quod
1680 536 1841 604 Ven.
1887 540 1966 601 A
2009 533 2227 616 habet,

102 664 221 709 nec
268 634 392 709 οὐκ
441 632 569 727 ἄρα
612 638 863 724 μέλλον,
913 639 1090 724 quod
1134 638 1473 706 Bekkerus
1518 638 1745 708 edidit.

613 864 829 949 Frgm.
874 870 1016 932 296.
1064 859 1434 949 θηλύτατον
1473 859 1724 930 πεδίον.

277 983 392 1051 Ad
444 989 507 1049 Φ
554 990 679 1051 454

338 1078 459 1152 σὺν
500 1081 702 1170 'aero'
741 1079 799 1173 γ’
847 1078 1167 1177 ἠπείλησε
1213 1083 1432 1165 πόδας
1474 1083 1585 1152 καὶ
1629 1088 1848 1172 χεῖρας
1889 1078 2180 1172 ὕπερθεν

343 1186 586 1279 δήσειν,
633 1191 745 1254 καὶ
789 1187 1040 1275 περάαν
1082 1186 1299 1278 νήσων
1344 1184 1464 1255 ἔπι
1509 1183 1938 1278 τηλεδαπάων

106 1291 318 1359 habet
366 1290 565 1360 schol.
612 1296 668 1358 A
711 1320 795 1350 =
841 1291 1113 1366 TownL:
1183 1286 1390 1371 οὕτως
1442 1284 1893 1380 Ἀρίσταρχος,
1955 1290 2232 1378 τηλεδα-

108 1392 323 1461 πάων.
374 1390 446 1461 αἱ
490 1393 565 1462 δὲ
608 1386 750 1461 άπὸ
791 1398 926 1461 τῶν
972 1392 1223 1460 πόλεων
1253 1392 1692 1482 θηλυτεράων.
1761 1399 1969 1479 Atque
1999 1393 2230 1459 itidem

108 1497 194 1563 ad
243 1503 331 1563 X
372 1506 454 1564 45

284 1593 368 1680 ὅς
409 1592 480 1682 μ’
526 1596 685 1667 υἱῶν
731 1602 993 1668 πολλῶν
1034 1623 1106 1667 τε
1145 1598 1259 1666 καὶ
1305 1597 1566 1667 ἐσθλῶν
1611 1591 1779 1667 εὖνιν
1824 1596 2077 1691 ἔθηκεν,

284 1698 560 1768 κτείνων
603 1703 711 1770 καὶ
759 1702 999 1794 περνὰς
1039 1702 1256 1794 νήσων
1299 1699 1417 1771 ἔπι
1469 1700 1901 1792 τηλεδαπάων

112 1804 407 1872 adnotat
455 1805 655 1873 schol.
703 1806 979 1873 Townl.:
1037 1806 1212 1887 τινὲς
1257 1804 1748 1895 ,,θηλυτεράων“
1796 1803 1909 1872 διὰ
1952 1804 2029 1872 τὸ
2074 1810 2232 1897 Λῆ-

110 1935 275 1992 μνον
308 1907 423 1975 καὶ
455 1900 726 1995 ’Ἱμβρον
767 1903 903 1977 ὕπὸ
945 1911 1230 1999 θηλειῶν
1272 1907 1745 1995 βασιλεύεσθαι
1771 1960 1787 1976 .
1822 1901 1960 1974 ἀλλ’
1993 1901 2109 1976 οὐκ
2139 1904 2234 1989 εἷς

113 2010 361 2092 ταύτας
403 2010 607 2096 μόνον
650 2009 1018 2081 ἐπωλοῦντο
1052 2064 1066 2079 .
1101 2006 1141 2105 ἢ
1188 2007 1449 2100 εὖγείων
1472 2064 1486 2078 .
1520 2005 1657 2080 ἀλλ’
1713 2003 1834 2094 ,,οἷ)’
1874 2036 1979 2092 τις
2022 2010 2234 2102 νήσων

113 2111 516 2205 ἱππήλατος
561 2109 705 2182 οὔδ’
750 2108 1094 2200 εὖλείμωιμ
1140 2117 1209 2199 (δ
1255 2124 1425 2199 607).

292 2217 701 2302 Scripturam
768 2217 1191 2309 θηλυτεράων
1256 2218 1418 2288 Call.
1488 2237 1750 2302 quoque
1811 2216 2071 2285 videtur
2135 2218 2232 2286 le-

114 2321 379 2406 gisse.1)
473 2320 859 2387 Eustathius
916 2324 1091 2390 enim
1135 2344 1197 2407 p.
1248 2329 1431 2403 1599,
1478 2329 1560 2389 25
1607 2321 1730 2386 ait:
1786 2321 2001 2412 θῆλυς
2044 2315 2233 2411 ἐέρση

113 2428 166 2507 (ε
204 2429 395 2509 467),
441 2420 484 2515 ἦ
526 2429 639 2492 τοῦ
680 2418 1023 2513 εὖκαρπεῖν
1066 2426 1176 2494 καὶ
1220 2428 1619 2514 πολυφορεῖν
1663 2419 1849 2491 αἰτία
1872 2477 1887 2493 .
1922 2421 2081 2493 ὅθεν
2123 2426 2233 2493 καὶ

118 2524 556 2611 Καλλίμαχος
599 2528 819 2615 (frgm.
865 2534 1017 2611 296)
1061 2527 1427 2619 θηλύτατον
1472 2525 1701 2595 πεδίον
1744 2526 1928 2616 λέγει,
1983 2521 2059 2596 τὸ
2104 2553 2234 2595 πο-

116 2629 406 2718 λύγονον.
508 2630 757 2709 Quibus
812 2632 1027 2699 verbis
1086 2632 1247 2702 Call.
1303 2632 1562 2698 videtur
1602 2630 1969 2698 reddidisse
2016 2636 2084 2697 et
2126 2654 2236 2698 ex-

116 2734 411 2816 plicasse
457 2734 870 2800 Homericum
917 2732 1133 2826 νήσων
1175 2732 1624 2825 θηλυτεράωνς
1673 2728 1827 2801 ῃιίιιι
1869 2731 2237 2824 θηλύτατον

119 2831 365 2902 πεδίον
397 2856 544 2901 eum
573 2837 856 2904 voluisse
886 2836 1255 2922 significare
1300 2838 1660 2904 fertilem
1708 2858 2008 2922 campum
2048 2858 2237 2922 aper-

118 2947 267 3005 tum
313 2942 499 3025 est.²)
594 2940 903 3007 Fortasse
948 2946 1167 3008 autem
1214 2940 1376 3008 Call.
1413 2941 1593 3031 *hanc
1635 2961 1898 3025 quoque
1951 2942 2235 3026 seriptu-

115 3063 269 3109 ram
290 3046 341 3123 8)
388 3041 591 3108 habet
630 3064 711 3108 ex
741 3043 1060 3110 Zenodoti
1104 3045 1506 3111 recensione.
1596 3044 1692 3110 Cf.
1740 3044 1937 3111 etiam
1983 3044 2065 3110 de
2110 3044 2234 3109 hac

117 3163 285 3211 voce
332 3144 590 3212 Soheer.
633 3167 697 3230 p.
748 3153 846 3214 12.

549 3368 761 3453 Frgm.
808 3376 953 3437 309.
1019 3366 1211 3455 γέντα
1252 3361 1408 3454 βοὸς
1447 3367 1811 3454 μέλδοντες.

316 3502 655 3572 Soheerius
721 3506 884 3572 dicit
942 3506 1029 3571 ad
1097 3506 1222 3573 hoo
1288 3505 1727 3592 fragmentum
1788 3529 1851 3591 p.
1910 3515 1978 3575 6:
2046 3504 2237 3593 γέντα

119 3604 284 3692 βοὸς
343 3605 683 3690 μέλδοντες
729 3611 817 3693 fr.
863 3611 988 3674 509
1045 3611 1129 3675 ad
1182 3630 1317 3675 eam
1363 3611 1681 3677 lectionem
1726 3612 1937 3676 redire
1980 3613 2238 3676 videtur

273 3901 319 3967 ¹)
356 3898 425 3953 cf.
463 3898 687 3968 Romen
722 3883 878 3955 siber
911 3899 1000 3954 die
1035 3900 1528 3956 Homerreeension
1565 3899 1663 3954 des
1697 3899 1901 3955 Zenod.
1939 3917 1992 3973 p.
2027 3901 2110 3957 25.

270 3987 316 4051 ²)
353 3984 426 4040 cf.
472 3990 504 4036 I
540 3984 641 4040 577
689 3984 966 4039 πιότατον
1008 3983 1203 4039 πεδίον
1245 3990 1303 4041 et
1346 3983 1543 4040 πεδίον
1584 3983 1905 4059 πυρηφόρον
1952 4007 1986 4058 y
2028 3987 2133 4043 495
2180 3992 2238 4042 et

125 4072 299 4128 Hom.
336 4070 390 4124 h.
426 4069 486 4124 in
522 4069 708 4141 Apoll.
743 4070 908 4141 Pyth.
943 4072 1027 4126 50.

261 4160 311 4224 ⁸)
348 4156 418 4212 cf.
455 4172 508 4227 p.
547 4156 630 4209 91.

1770 4243 1800 4297 7
