2969 4832
1545 334 1967 394 ..72-

704 517 984 582 eumque
1040 494 1431 562 arbitratum
1490 517 1632 563 esse
1685 496 1979 589 γερήνιον
2032 498 2373 563 Nestorem
2425 516 2546 560 non
2595 494 2761 576 signi-

703 601 904 668 ficare
947 599 1294 665 Nestorem
1341 621 1422 665 ex
1467 601 1710 685 oppido
1756 601 2054 681 Gerenis‚
2119 600 2232 665 sed
2302 594 2550 682 ἔντιμον
2613 589 2766 681 παρὰ

702 697 781 772 τὸ
826 701 1019 790 γέρας
1063 702 1167 784 (cf.
1213 702 1515 769 Eustath.
1561 703 1603 769 1.
1649 704 1711 785 1.‚
1761 704 1957 773 schol.
2002 704 2111 769 BL
2159 703 2244 768 ad
2290 708 2369 767 Π
2412 710 2543 780 196,
2594 697 2768 765 schol.

703 807 883 885 MQV
931 804 1017 871 ad
1060 828 1099 891 y
1145 812 1225 873 68
1272 805 1404 888 aL),
1459 806 1854 872 Mercurium
1901 800 2193 894 ἀκάκητα
2237 826 2367 872 non
2411 804 2770 879 Aeacesium,

703 911 820 975 sed
865 906 979 975 τὸν
1023 901 1301 996 μηδενὸς
1355 913 1556 975 κακοῦ
1611 908 2068 993 μεταδοτικόν,
2123 910 2474 974 Minervam
2520 906 2774 993 γλαυκῶ-

702 1038 825 1079 πιν
879 1032 1006 1077 non
1060 1011 1474 1078 referendam
1531 1033 1674 1078 esse
1729 1013 1816 1077 ad
1871 1019 2159 1079 montem
2214 1011 2537 1095 quendam
2595 1007 2777 1074 Γλαυ-

702 1113 981 1196 κώπιον,
1050 1115 1168 1180 sed
1234 1113 1432 1181 aliam
1501 1116 1970 1182 derivat-ionem
2038 1138 2183 1182 eum
2244 1115 2608 1199 amplexum
2660 1130 2780 1175 esse
2874 1083 2875 1170 l

702 1219 923 1285 nescio
969 1224 1240 1303 quam.¹)
1329 1219 1472 1297 Quo
1519 1224 1737 1284 autem
1785 1219 1979 1284 modo
2013 1219 2362 1285 Chironem
2394 1211 2783 1304 πελεθρόνιον

703 1321 1136 1404 intellexerit,
1199 1321 1438 1388 docent
1481 1343 1601 1388 nos
1646 1322 1845 1388 iidem
1892 1323 2044 1388 Hes.
2090 1327 2158 1388 et
2210 1320 2413 1387 schol.
2468 1319 2602 1386 Nic.
2648 1317 2688 1382 1.
2725 1315 2786 1396 l.;
2878 1321 2879 1324 ’

702 1426 818 1491 ille
864 1426 1034 1490 enim
1097 1428 1250 1507 post
1291 1423 1492 1489 verba
1535 1426 1667 1490 iam
1716 1426 1917 1490 citata
1963 1425 2178 1490 addit:
2243 1420 2309 1491 οἱ
2356 1422 2432 1490 δὲ
2474 1416 2787 1507 πολυφάρ-
2880 1411 2881 1420 ’

701 1552 925 1613 μακος,
971 1527 1077 1592 hie
1107 1528 1349 1611 pergit:
1398 1520 1505 1593 διὸ
1548 1527 1658 1594 καὶ
1704 1523 1872 1595 οὕτω
1915 1529 2206 1594 καλεῖται
2250 1521 2401 1593 οἷπὸ
2445 1529 2552 1592 τοῦ
2594 1521 2791 1589 πέλειν

705 1629 910 1698 ἐκεῖσε
951 1628 1034 1696 τὰ
1080 1622 1274 1716 ἄνθη·
1320 1627 1530 1717 θρόνα
1574 1628 1698 1719 γὰρ
1741 1627 1826 1696 τὰ
1868 1622 2043 1718 ἄνθη
2088 1630 2428 1717 λέγονται,·
2472 1649 2657 1714 quam
2699 1625 2793 1689 de·

704 1735 1093 1800 rivationem
1160 1731 1451 1816 probant
1495 1734 1692 1798 etiam
1742 1732 2044 1798 Osannus
2100 1739 2168 1799 et
2216 1733 2599 1799 Welekerus
2648 1728 2796 1794 Mus.

704 1838 907 1903 Rhen.
957 1843 1137 1917 1833,
1180 1835 1215 1900 I
1257 1834 1440 1918 (fase.
1483 1836 1617 1919 IV),
1661 1858 1771 1920 pp.
1814 1843 1939 1904 411
1990 1841 2058 1902 et
2101 1844 2249 1905 440.
2345 1835 2657 1902 Videmus
2695 1831 2798 1914 igi-

704 1946 812 2007 tur
858 1938 1434 2024 Apollodorum
1502 1961 1816 2024 semper
1884 1961 2013 2005 eos
2082 1942 2629 2027 impugnasse,
2682 1934 2800 2018 qui

704 2042 1180 2127 cognomina
1225 2043 1730 2109 derivassent
1769 2043 2290 2109 anominibus
2341 2041 2800 2136 oppidorum

704 2145 824 2211 vel
877 2145 1294 2227 montium,
1354 2167 1484 2211 non
1540 2168 1726 2213 secus
1773 2168 1852 2212 ac
1897 2147 2254 2213 scholiasta
2306 2141 2431 2213 ille
2478 2146 2564 2210 ad
2605 2147 2661 2211 Ε
2695 2148 2803 2209 422

703 2250 834 2315 iam
861 2270 1062 2333 supra
1086 2249 1400 2315 laudatus
1434 2249 1620 2332 facit,
1653 2250 1765 2334 qui
1791 2249 1975 2315 dicit:
2021 2242 2134 2317 οὐκ
2164 2245 2359 2330 εἴτις
2400 2247 2467 2315 ’ν
2488 2273 2612 2314 τινι
2633 2242 2804 2329 τόπῳ

700 2348 1073 2441 τετίμηται,
1136 2351 1351 2420 ἐκεῖθι
1404 2351 1516 2420 καὶ
1559 2353 1924 2441 γεγέννηται
1970 2353 2081 2420 καὶ
2127 2351 2240 2420 διὰ
2285 2359 2401 2422 ‘co‘
2534 2377 2622 2441 τῳ
2670 2347 2804 2415 ἐπι-

703 2455 889 2544 θέτῳ
934 2461 1302 2541 κοσμεῖται.
1400 2462 1616 2542 Atque
1661 2455 1940 2522 fortasse
1986 2458 2302 2523 habemus
2350 2459 2422 2523 in
2527 2476 2600 2522 oe
2644 2452 2808 2521 scho-

701 2560 791 2626 lio
835 2561 1182 2643 vestigium
1232 2560 1709 2645 Apollodoreae
1757 2561 2115 2628 doetrinae.

876 2662 1007 2730 Sed
1038 2664 1233 2749 plura
1262 2662 1497 2729 afferre
1529 2684 1872 2748 possumus
1904 2663 2219 2748 exempla,
2268 2665 2517 2747 quibus
2619 2680 2813 2728 emon-

703 2773 985 2833 stremus
1040 2767 1363 2833 rationem
1418 2767 1601 2832 illam
1657 2767 2113 2850 cognominum
2167 2787 2297 2832 non
2352 2792 2585 2835 τοπικι
2632 2792 2662 2847 ς
2713 2760 2814 2827 sed

703 2868 1174 2956 ἐτυμολογικῶς
1238 2869 1820 2956 explanandorum:
1890 2869 1972 2938 ef.
2001 2869 2218 2953 -frgm.
2279 2878 2333 2939 1.
2385 2871 2615 2957 Steph.
2685 2867 2816 2951 Byz.

705 2996 754 3043 s.
801 2996 855 3038 v,
905 2970 1198 3061 Δωδώνη
1225 3023 1409 3040 .....
1461 2967 1973 3059 ,Ἀπολλόδωρος
2041 2971 2115 3038 δὲ
2184 2970 2249 3038 έν
2310 2998 2354 3038 α
2423 2974 2585 3060 περὶ
2653 3017 2685 3042 2
2717 2972 2819 3036 εῶν

701 3074 815 3144 τὸν
872 3075 1363 3142 Δωδωναῖον
1428 3072 1629 3156 οὕτως
1696 3071 2075 3162 ἐτυμολογεῖ
2111 3098 2124 3112 ·
2174 3074 2564 3163 ,,Καθοίπερ
2611 3065 2819 3144 οῖῖτὸν

705 3177 842 3245 Δία
910 3179 1308 3246 Δωδωναῖον
1372 3178 1494 3263 μὲν
1559 3179 1925 3260 καλοῦντες,
1997 3175 2101 3247 ὅτι
2169 3176 2450 3247 δίδωσιν
2519 3174 2680 3271 ἡμῖν
2715 3163 2820 3275 lv&

703 3276 952 3369 ἀγαθοί,
987 3280 1401 3367 Πελασγικὸν
1445 3279 1535 3364 δέ,
1584 3277 1689 3348 ὅτι
1733 3286 1856 3372 τῆς
1898 3287 2016 3373 γῆς
2061 3282 2273 3361 πέλας
2317 3280 2583 3365 ἐστίν.“,
2634 3278 2819 3368 ίτςζυι.

703 3392 787 3453 40
847 3384 1023 3452 Suid.
1083 3406 1132 3452 s,
1177 3406 1234 3450 v.
1287 3382 1985 3476 Ταυροπόλον·τὴν
2016 3378 2356 3472 Ἄρτεμιν·
2384 3382 2489 3453 ὅτι
2532 3382 2622 3465 ὡς
2665 3362 2821 3473 ‘calgi’-

705 3512 814 3576 ρος
859 3483 1147 3575 περίεισι
1190 3484 1431 3570 πάντα,
1481 3483 1573 3568 ὥς
1604 3484 2184 3575 Ἀπολλόδωρος.2)
2243 3489 2345 3554 Ex
2372 3489 2455 3555 iis
2489 3509 2662 3572 quae
2694 3491 2822 3556 Ro-

2766 3676 2777 3705 κ

843 3748 887 3814 ¹)
922 3745 1020 3801 sed
1055 3745 1125 3800 ef.
1160 3762 1213 3816 p.
1252 3746 1335 3800 74.

842 3830 886 3893 Ἃ)
923 3835 1117 3886 contra
1149 3831 1238 3885 Et.
1277 3830 1467 3901 Magn.
1504 3831 1625 3897 747,
1661 3832 1729 3887 52
1775 3831 2159 3903 Ταυροπόλον·
2180 3832 2284 3899 τὴν
2317 3829 2596 3904 Ἄρτεμιν,
2652 3831 2820 3885 ὅτι...

704 3915 737 3983 ἢ
774 3912 860 3971 ὅτι
894 3915 927 3984 ἦ
961 3917 1251 3990 Ἰφιγένεια
1300 3920 1550 3989 φυγοῦσα
1597 3914 1712 3970 ἀπὸ
1750 3918 2001 3974 Σκυθίας
2037 3922 2098 3972 ἐν
2131 3918 2350 3991 Ἀττικῇ
2387 3916 2718 3988 ἱδρυσαμένη
2744 3914 2823 3965 ’τὸ

705 4002 924 4074 ἄγαλμα
959 4003 1307 4074 ταυροπόλοι)
1335 4004 1593 4074 Ἄρτεμιν
1626 4002 2078 4079 προσηγόρευσεν,
2116 4002 2303 4075 ἐπειδὴ
2342 4008 2401 4056 ἐκ
2437 4006 2567 4059 τῶν
2597 4002 2825 4076 Ταύρων

703 4094 806 4143 τοῦ
840 4091 1040 4153 ἔθνους
1072 4080 1263 4156 ἦλθεν.
2720 4096 2726 4107 “
