2969 4832
978 340 1399 408 ..31-

177 532 382 597 negare
412 517 646 599 potest,
679 534 831 578 nam
860 513 971 581 VI.
1002 520 1084 581 47
1118 512 1280 578 dicit
1307 510 1528 579 τέκνον
1557 508 1927 580 πολύθεστε
1969 511 2244 591 τοκεῦσι,

176 617 267 682 sed
310 616 730 682 nihilominus
777 615 1135 682 credidisse
1191 620 1412 700 potest
1476 616 1546 680 in
1612 607 2007 683 ἀποθέστου
2059 631 2244 681 voca*

175 719 303 785 bulo
332 740 601 804 prorsus
634 717 830 784 aliam
865 719 1136 803 stirpem
1165 719 1398 800 inesse,
1446 718 1593 784 dico
1641 722 1956 786 ποθεῖν.
2030 723 2246 802 Atque

175 824 347 888 etiam
409 822 532 888 1100
598 820 869 888 00110οᾶ1
937 821 1133 888 debet
1195 819 1379 885 illum
1444 821 1700 887 novisse
1766 814 1907 887 ἀπό
1974 822 2247 888 eandem

174 926 390 992 habere
431 945 624 1010 posse
667 925 796 988 vim
840 945 1038 1007 quam
1083 923 1280 1009 alpha
1322 924 1735 1008 privativum,
1780 946 1932 991 nam
1974 933 2249 1012 usurpat

174 1028 463 1095 vocabula
531 1021 870 1111 ἀποτιμᾶν
935 1027 1124 1111 frgm.
1191 1035 1309 1095 103
1375 1033 1442 1093 et
1509 1022 1812 1114 ἀπόθριξ
1876 1028 2063 1113 frgm.
2123 1036 2239 1097 341

172 1131 256 1214 (cf.
298 1131 557 1197 Bredau
602 1153 668 1214 p.
703 1135 830 1212 25).
906 1129 1033 1196 Sed
1080 1151 1478 1214 quamquam
1524 1129 1688 1195 haec
1731 1131 1827 1196 ita
1871 1152 1941 1196 se
1985 1131 2247 1210 habent,

171 1242 365 1300 tamen
408 1232 892 1300 hemistichium
936 1233 1102 1298 illud
1147 1253 1276 1298 non
1323 1233 1533 1298 solum
1566 1232 1946 1299 Callimachi
1987 1235 2248 1300 nomine

171 1337 337 1403 nobis
398 1341 753 1417 servatum,
821 1335 938 1401 sed
994 1336 1193 1402 etiam
1249 1335 1643 1401 Callimacho
1700 1336 2144 1420 dignissimum
2190 1339 2249 1404 ei

171 1440 405 1506 demere
482 1439 740 1516 dubito;
815 1444 977 1523 puto
1048 1438 1220 1503 enim
1287 1430 1577 1524 ἀπορίαν
1644 1439 1740 1504 sic
1806 1440 1969 1505 solvi
2034 1461 2247 1524 posse.

162 1538 552 1622 Άπόθεστος
580 1542 968 1608 vocabulum
998 1541 1307 1607 nimirum
1351 1542 1534 1607 novit
1565 1563 1644 1607 ex
1674 1543 1977 1624 Homero,
2023 1548 2091 1609 et
2119 1564 2249 1609 11011

171 1647 357 1711 solum
400 1645 823 1725 vocabulum,
868 1646 985 1710 sed
1033 1645 1232 1710 etiam
1279 1645 1766 1729 etymologiam,
1815 1667 1998 1729 quae,
2044 1667 2249 1729 quan-

171 1754 288 1813 tum
352 1769 525 1813 nunc
592 1747 856 1832 quidem
908 1747 1127 1813 videre
1194 1769 1564 1831 possumu8‚
1632 1748 1993 1832 antiquitus
2059 1750 2251 1815 unica

170 1850 300 1933 fuit,
365 1873 406 1917 a
458 1852 656 1917 verbo
721 1855 979 1917 ποθεῖν.
1079 1851 1322 1917 Contra
1388 1849 1800 1931 πολύθεστος
1866 1852 2250 1918 vocabulum

170 1955 280 2020 sibi
321 1956 461 2040 ipse
504 1955 694 2020 finxit
737 1954 849 2039 (cf.
891 1954 1154 2021 Bredau
1185 1954 1227 2018 l.
1258 1955 1330 2039 l.)
1377 1974 1458 2019 ex
1504 1951 1707 2032 πολύς
1750 1961 1817 2019 01
1859 1953 2251 2023 θέσσασθαι

170 2057 242 2121 ad
285 2058 650 2142 analogiam
697 2058 1164 2124 vocabulorum
1212 2054 1685 2142 πολυέραστος,
1745 2056 2248 2141 πολύκλαυστος,

171 2159 595 2241 πολύλλιστος,
646 2157 1093 2240 πολύκλυστος
1131 2161 1209 2228 al.
1222 2162 1270 2242 1)
1316 2181 1448 2243 qua
1493 2160 1560 2223 in
1591 2181 1663 2225 re
1693 2160 2025 2226 Homerici
2074 2158 2251 2228 ἀπο-

170 2262 398 2330 θέοτου
440 2264 721 2330 fortasse
767 2286 850 2330 ne
894 2266 963 2329 in
1009 2270 1291 2330 mentem
1338 2263 1604 2347 quidem
1651 2263 1710 2328 ei
1754 2265 1947 2329 venit.

521 2488 739 2574 Frgm.
789 2496 932 2557 336.
980 2481 1176 2579 λιμὴν
1222 2481 1599 2575 ἀμφίδυμος
1649 2484 1881 2577 Φαίηξ.

325 2604 735 2696 Ἀμφίδυμος
778 2608 955 2693 quod
999 2609 1245 2692 legitur
1287 2609 1326 2673 λ
1370 2615 1495 2676 847
1551 2605 1808 2691 λιμένες
1852 2603 1909 2673 δ’
1958 2602 2052 2673 ἔνι
2101 2608 2250 2674 ναύ-

169 2711 328 2792 λοχοι
361 2707 521 2802 αὐτῇ
544 2706 917 2801 ἀμφίδυμοι
941 2717 1059 2777 001
1082 2733 1123 2776 0
1148 2708 1356 2777 δύνειν
1380 2710 1755 2776 derivarunt
1778 2712 2185 2795 grammatici
2204 2716 2254 2796 ²)

169 2821 276 2878 aut
300 2836 338 2880 a
379 2815 571 2900 diost)
601 2817 697 2881 ita
727 2821 803 2881 ut
834 2815 1052 2880 insula
1097 2814 1384 2898 singulos
1429 2814 1513 2880 ab
1560 2820 1838 2897 utraque
1867 2822 2059 2899 parte
2103 2838 2252 2901 por-

170 2922 265 2981 tus
306 2918 591 2985 haberet.
681 2918 760 2985 cf.
806 2918 1008 2984 Merk.
1052 2917 1092 2982 1.
1138 2918 1180 2986 1.
1225 2940 1288 3001 p.
1326 2926 1463 2986 164.
1553 2918 1842 2985 Priorem
1883 2926 2101 2985 autem
2145 2942 2252 2987 ex-

170 3019 567 3102 plicationem
594 3021 1063 3088 Callimachum
1087 3022 1470 3105 probavisse
1506 3020 1912 3087 demonstrat
1942 3022 2138 3089 schol.
2170 3025 2251 3090 ad

170 3125 362 3207 Apoll.
406 3125 621 3191 Rhod.
663 3127 773 3206 IV,
820 3133 966 3205 983,
1002 3117 1374 3215 ’ἀμφιλαφῆ
1433 3122 1509 3190 δὲ
1565 3117 1680 3191 τὸν
1729 3123 1960 3209 λιμένα
2012 3122 2255 3214 εἴρηκεν

170 3218 270 3291 τὸν
334 3221 809 3317 ἀμφοτέρωθεν
882 3225 1256 3315 πρόσορμον
1337 3224 1605 3310 ἔχοντα,
1689 3218 1762 3294 ὃν
1834 3227 2255 3313 Καλλίμαχος

171 3322 529 3417 ἀμφίδυμον
573 3325 778 3397 εἶπεν.
848 3331 1092 3397 Statuit
1134 3332 1341 3414 igitur
1369 3351 1602 3396 nomen
1633 3330 1857 3415 *ὁύμα,
1905 3331 2186 3417 δύματος
2199 3337 2255 3419 ⁴)

302 3625 342 3692 ¹)
378 3624 616 3695 Saepius
651 3628 840 3677 autem
874 3621 1039 3677 finxit
1064 3637 1224 3677 voces
1250 3637 1380 3676 cum
1414 3619 1583 3677 πολύς
1607 3621 1877 3677 adiectivo
1902 3623 2254 3694 compositas,

174 3706 314 3763 velut
343 3708 662 3774 πολύστιος,
697 3707 1147 3780 πουλυμέλαθρος
1162 3749 1176 3776 ,
1208 3705 1563 3777 velomazae,
1599 3705 1926 3777 πολύβωμος
1939 3749 1953 3776 ,
1988 3708 2253 3780 πουλυμέ-

174 3787 358 3862 διμνος,
388 3793 783 3864 πολύκρημνος,
818 3792 1128 3856 πολυπτώξ.

294 3882 341 3946 ⁸)
373 3881 441 3936 cf.
478 3881 650 3937 schol.
686 3897 738 3937 a.
772 3880 827 3935 h.
863 3881 899 3936 l.
936 3879 1125 3935 διπλοῖ
1156 3881 1230 3937 εἰς
1265 3877 1355 3939 οὓς
1393 3884 1511 3933 ἔστι
1557 3877 1763 3943 δύνειν,
1824 3877 1858 3948 ἢ
1903 3881 2255 3951 ἑκατέρωθεν

174 3960 416 4026 εἰσδύσεις
452 3971 685 4037 ἔχοντες.
757 3967 826 4022 cf.
864 3967 1001 4022 Hes.
1037 3972 1093 4022 et
1127 3966 1219 4022 Et.
1256 3966 1447 4037 Magn.
1482 3966 1569 4034 89,
1601 3965 1688 4021 34.

299 4056 346 4117 ⁸)
378 4053 445 4108 cf.
483 4052 653 4108 schol.
692 4050 872 4106 ὃιττοί
902 4058 959 4108 01
993 4052 1132 4107 Lob.
1169 4052 1320 4124 path.
1354 4069 1409 4123 p.
1449 4054 1567 4109 165.

297 4142 344 4205 ⁴)
375 4140 442 4196 cf.
480 4139 702 4210 ἔνδυμα.
