2969 4832
999 422 1419 482 ...69-

158 584 419 672 ὄευτέρῳ
470 584 642 673 Περὶ
704 588 863 651 νεῶν
917 580 1515 674 προοιμιαζόμενος
1534 590 1580 664 ¹)
1649 579 1891 672 εἴρηκεν
1916 637 2097 653 .....
2122 583 2271 666 τοὺς

154 681 241 752 ἔτι
286 686 642 774 νεωτέρους
685 687 931 756 ἐκείνου
976 688 1304 772 (Homeri)
1362 680 1581 754 πολλὰ
1634 683 1882 774 ἀγνοεῖν
1925 687 2035 754 καὶ
2079 711 2267 775 τερα-

152 790 428 877 τολογεῖν
454 840 645 858 .....
675 791 786 857 καὶ
831 796 970 871 τοῖς
1000 790 1120 874 μὲν
1148 783 1367 871 α’λλοις
1410 787 1785 915 συγγνώμην
1830 783 2013 871 εἶναι,
2061 794 2265 858 Καλ-

151 891 443 981 λιμοίχῳ
502 892 577 960 δὲ
633 891 727 985 μὴ
786 893 993 976 πάνυ,
1050 892 1598 980 μεταποιουμένῳ
1653 917 1725 979 γε
1776 900 2265 987 γραμματικῆς·

150 1018 213 1074 ος
251 992 373 1087 τὴν
414 995 540 1081 μὲν
586 1003 648 1063 Γ
642 997 840 1063 αιὸον
887 997 1256 1081 Καλυψους
1299 995 1503 1087 νῆσόν
1547 1018 1730 1084 φησι,
1744 1000 1794 1080 2)
1840 994 1958 1087 τὴν
1986 996 2061 1063 δὲ
2094 996 2266 1085 Κόρ-

149 1122 328 1186 κυραν
374 1096 686 1184 Σχερίαν·
712 1092 993 1178 ἄλλους
1040 1096 1103 1165 δ’
1153 1095 1517 1165 αἰτιᾶται
1568 1096 2032 1184 ψεύσασθαι
2076 1104 2265 1226 περὶ

150 1200 530 1293 Γερήνων,
616 1202 745 1269 καὶ
819 1208 955 1268 τοῦ
1024 1196 1535 1291 Ἀκακησίου,
1626 1201 1758 1267 καὶ
1834 1199 2114 1292 Δήμου
2186 1203 2262 1270 ἐν

149 1295 441 1395 Ἰθάκῃ,
507 1303 1065 1394 Πελεθρονίυυ
1126 1297 1184 1371 δ’
1236 1303 1312 1370 ἐν
1367 1301 1677 1393 Πηλίῳ,
1740 1302 2260 1374 Γλαυκωπίου

147 1399 198 1470 δ’
241 1406 321 1473 ἐν
357 1401 752 1500 Ἀθήναις.

303 1511 439 1577 Sed
484 1514 875 1596 priusquam
920 1510 1092 1577 hunc
1138 1511 1358 1576 locum
1402 1512 1470 1576 in
1515 1532 1705 1576 usum
1762 1517 2061 1578 nostrum
2107 1533 2258 1579 con·

144 1619 484 1695 vertamus,
530 1616 677 1699 ipsa
706 1614 907 1681 verba
935 1618 1116 1680 recte
1146 1614 1608 1699 intellegamus
1654 1621 1939 1697 oportet3
1989 1615 2260 1683 dubium

144 1717 304 1781 enim
353 1718 564 1783 videri
608 1723 845 1803 potest,
893 1718 1055 1801 quid
1100 1718 1189 1782 sit
1232 1716 1606 1783 subiectum
1655 1719 1978 1783 enuntiati
2026 1710 2259 1800 ἄλλους

143 1813 192 1882 δ’
222 1817 524 1891 αἰτιᾶται
559 1819 967 1907 ψεύσασθαι.
1033 1826 1251 1905 Atque
1283 1819 1360 1885 G.
1392 1820 1676 1887 Dindorf
1697 1821 1767 1885 in
1796 1820 1962 1888 thes,
1993 1821 2097 1903 VI,
2132 1831 2254 1891 694

142 1921 208 2003 D,
252 1923 563 1989 Welcker
590 1925 656 1988 in
689 1925 856 1990 Mus.
888 1924 1094 1990 Rhen.
1127 1924 1176 2004 Ι,
1229 1931 1413 2004 1833,
1457 1945 1522 2007 p.
1570 1932 1717 2005 440,
1764 1924 1883 1990 Ed.
1927 1925 2255 1992 Schwartz

139 2025 197 2088 in
247 2025 453 2093 schol.
509 2027 579 2091 in
633 2030 788 2093 Eur.
843 2027 928 2108 ΙΙ,
986 2035 1022 2094 9
1079 2031 1324 2111 putant
1377 2025 1852 2093 Callimachum
1907 2049 2050 2094 esse
2107 2049 2255 2095 eum

141 2129 240 2211 qui
287 2124 623 2211 αἰτιᾶται,
678 2130 795 2196 sed
844 2130 970 2196 hoc
1016 2131 1071 2195 si
1117 2130 1357 2197 Strabo
1401 2128 1737 2211 voluisset,
1784 2152 1996 2198 nonne
2039 2134 2252 2217 magis

136 2230 338 2315 logice
382 2233 757 2318 scripsisset
811 2221 885 2312 ὃς
937 2231 1056 2323 τὴν
1119 2231 1244 2317 μὲν
1313 2233 1567 2300 Γαῢδον
1634 2233 1998 2319 Καλυψοῦς
2051 2234 2250 2325 νῆσόν

138 2357 295 2424 φησι
362 2333 497 2400 καὶ
563 2334 684 2427 τὴν
751 2334 1093 2425 Κόρκυραν
1157 2333 1454 2423 Σχερίαν,
1526 2327 1758 2416 ἄλλους
1824 2330 1882 2403 δ’
1953 2335 2251 2406 αἰτιᾶται

137 2439 303 2504 xvh?
371 2460 525 2504 nam
573 2445 713 2503 tum
758 2441 1125 2505 sententiae
1169 2441 1252 2506 de
1299 2440 1534 2506 Gaudo
1581 2446 1649 2507 et
1693 2442 1977 2527 Corcyra
2020 2443 2252 2509 insulis

140 2561 176 2604 a
230 2541 640 2608 Callimacho
713 2543 1012 2627 prolatae
1089 2544 1321 2609 eodem
1394 2550 1625 2609 tenore
1697 2546 2254 2629 progrederentur

135 2649 327 2728 atque
382 2645 489 2709 his
537 2651 983 2729 opponeretur
1038 2638 1277 2727 ἄλλους
1319 2641 1378 2712 <5²
1429 2642 1745 2714 αἰτιᾶται.
1855 2648 2090 2712 Totum
2137 2670 2251 2713 au-

134 2751 255 2811 tem
289 2748 767 2813 sententiarum
812 2770 1129 2815 conexum
1173 2752 1228 2815 si
1275 2751 1680 2835 respicimuS,
1727 2757 2008 2835 apparet
2054 2753 2252 2836 Apol-

131 2849 431 2933 lodorum
480 2871 624 2916 esse
670 2852 1053 2935 subiectum,
1110 2876 1242 2920 non
1290 2853 1795 2931 Callimachum3
1857 2854 2030 2921 hunc
2077 2856 2246 2920 enim

131 2955 485 3038 respiciunt
532 2955 752 3020 omnia
792 2956 951 3037 fere,
995 2956 1265 3039 quaein
1297 2958 1716 3042 paragrapho
1763 2965 1798 3025 6
1857 2958 2035 3022 dicta
2077 2965 2250 3040 sunt,

131 3076 167 3119 a
206 3057 426 3123 verbis
476 3054 740 3123 ἐπαινεῖ
779 3055 903 3147 γάρ
948 3081 1159 3143 usque
1205 3060 1291 3126 ad
1337 3058 1413 3126 τὸ
1458 3059 1580 3144 μὲν
1622 3053 1745 3148 γάρ
1789 3058 1942 3140 τοὺς
1984 3056 2249 3149 ὕστερον

130 3160 380 3241 (Kram.
426 3182 490 3243 p.
530 3167 634 3240 21,
676 3162 769 3245 3);
823 3163 944 3228 sed
990 3163 1133 3229 solo
1179 3163 1371 3229 initio
1417 3164 1807 3229 nominatim
1852 3166 2248 3249 appellatur,

128 3267 261 3326 tum
307 3262 701 3347 simpliciter
746 3264 1160 3350 significatur
1203 3288 1324 3350 per
1367 3264 1536 3357 φησί
1578 3269 1679 3348 (Κ.
1725 3290 1786 3351 p.
1837 3277 1932 3348 19,
1964 3275 2052 3351 9),
2105 3262 2244 3335 ἀπὸ

128 3363 196 3430 δὲ
240 3364 487 3432 τούτων
554 3363 673 3432 ἐπὶ
740 3364 893 3447 τούς
957 3366 1364 3457 συγγραφέας
1405 3367 1668 3455 βαδίζει
1713 3375 1841 3454 (20,
1896 3376 2018 3454 11),
2065 3370 2245 3439 ἐπι-

126 3472 316 3556 τιμᾷ
360 3467 444 3534 δὲ
490 3469 620 3534 καὶ
664 3474 834 3550 τοῖς
859 3522 873 3537 .
902 3522 917 3537 .
946 3522 959 3536 .
987 3522 1000 3536 .
1034 3469 1355 3558 λέγουσι
1401 3476 1532 3557 (20,
1572 3475 1674 3558 18)
1707 3483 1773 3539 et
1803 3481 1953 3558 post
1986 3477 2243 3540 enunti-

126 3575 306 3635 atum
350 3571 535 3650 illud,
584 3572 666 3638 de
700 3594 828 3657 quo
876 3575 1157 3657 agimus:
1204 3574 1458 3654 τούτοις
1489 3575 1563 3642 δὲ
1591 3575 1794 3666 μικρά
1835 3603 1984 3643 τινα
2030 3601 2244 3665 προσ-

125 3672 277 3754 θεὶς
317 3679 592 3740 τοιαῦτα
639 3673 921 3743 παύεται
934 3707 955 3760 ,·
999 3678 1163 3746 haec
1201 3679 1408 3763 igitur
1450 3683 1666 3745 omnia
1706 3679 2052 3745 referenda
2091 3688 2279 3753 sunt,

125 3777 202 3840 ad
232 3777 730 3861 Apollodorum,
778 3781 893 3864 qui
934 3803 1055 3865 per
1082 3787 1295 3848 totam
1340 3782 1832 3868 paragraphum
1876 3783 2041 3849 nihil
2081 3783 2243 3850 facit

258 4021 305 4083 ¹)
343 4017 410 4072 cf.
442 4017 723 4088 Heynius‚
745 4019 907 4091 frgm.
935 4019 1196 4090 Apollod.
1227 4037 1280 4091 p.
1307 4021 1427 4075 421.
1479 4020 1704 4091 Berger‚
1727 4021 1777 4075 d.
1805 4037 1987 4093 geogr.
2015 4022 2236 4093 Fragm.

125 4101 217 4157 des
251 4104 568 4158 Ecastosth.
606 4121 661 4175 p.
696 4106 766 4160 26
801 4122 884 4176 sq.

260 4192 301 4257 ¹)
339 4204 371 4243 e
403 4188 549 4243 libro
572 4189 763 4260 νήσων
783 4199 1206 4261 μετονομασίαι,
1234 4193 1403 4249 simul
1438 4210 1568 4248 vero
1603 4209 1674 4250 ex
1698 4194 1895 4264 Aetne,
1926 4194 1993 4250 cf.
2028 4193 2095 4248 fr.
2117 4193 2237 4251 524.
