2969 4832
997 341 1418 413 *51-

345 767 440 832 Ex
507 767 619 849 eiS,
691 787 860 852 quae
914 766 980 831 in
1036 765 1573 833 antecedentibus
1646 765 1995 849 disputavi,
2070 764 2279 831 denuo

191 874 464 955 apparet,
511 870 686 955 quod
731 871 864 935 iam
911 870 1025 935 (liu
1069 874 1296 935 notum
1342 876 1459 948 est,
1508 890 1703 953 quam
1744 874 1887 934 arte
1918 868 2079 936 Gall.
2122 889 2278 952 pen-

190 973 324 1039 deat
352 996 429 1039 ex
461 973 729 1040 Homeri
765 972 1067 1039 dictione.
1139 972 1236 1039 Eo
1266 975 1474 1057 magis
1520 974 1756 1036 mirum
1788 971 1978 1037 nobis
2007 971 2276 1052 videtur,

191 1078 237 1141 si
287 1078 859 1143 animadvertimus
916 1076 1244 1142 interdum
1302 1078 1602 1164 poetam
1659 1074 1957 1146 doctum
2007 1078 2276 1163 aperte

191 1182 586 1253 oblocutum
636 1199 802 1251 esse
850 1180 1194 1251 Homero.
1285 1179 1660 1264 Sequantur
1708 1178 2034 1262 exempla:

1035 1384 1085 1449 Ι.
1135 1392 1217 1452 70
1264 1406 1404 1468 sqq.

344 1532 535 1600 Εἵλεο
582 1532 939 1618 (Iuppiter)
987 1524 1046 1596 δ’
1093 1525 1334 1618 αἰζηῶν
1380 1525 1417 1597 ὅ
1459 1554 1527 1595 τι
1571 1527 1931 1619 φέρτατον]
1972 1524 2043 1596 οὗ
2090 1526 2169 1596 σύ
2210 1553 2279 1618 γε

1768 1658 1937 1721 νηων

343 1736 768 1826 ἐμπεράμους,
817 1731 934 1804 οὐκ
976 1731 1184 1825 ἄνδρα
1233 1734 1674 1818 σακέσπαλον,
1733 1729 1806 1803 οὗ
1850 1734 1970 1821 μὲν
2011 1731 2239 1805 ἀοιδόν
2262 1759 2277 1774 ·

342 1834 505 1907 ἀλλὰ
547 1834 631 1908 τὰ
674 1840 795 1926 μὲν
836 1837 1246 1927 μακάρεσσιν
1291 1833 1586 1920 ὀλίζοσιν
1630 1829 1792 1906 αὖθι
1839 1844 2142 1932 παρῆκας

340 1937 502 2011 ἷίλλα
537 1943 766 2031 μέλειν
811 1940 1119 2033 ετέροισι,
1167 1939 1245 2008 σὺ
1291 1935 1348 2007 δ’
1398 1940 1612 2025 ἒξέλεο
1657 1940 2098 2030 πτολιάρχους

340 2040 584 2130 αὐτούς,
633 2034 723 2115 ὧν
765 2040 902 2170 {ab
944 2051 1128 2134 χεῖρα
1171 2042 1514 2135 γεωμόρος,
1562 2033 1649 2112 ὧν
1690 2041 1866 2133 ι’ὄρις
1908 2043 2172 2134 αἰχμῆς,

343 2138 433 2219 ὧν
478 2149 717 2240 ἐρέτης,
766 2176 858 2218 ων
904 2147 1163 2216 πάντα·
1188 2146 1257 2215 τί
1287 2141 1346 2214 δ’
1380 2142 1452 2215 οὗ
1482 2146 1861 2238 κρατέοντος
1902 2143 2016 2215 ὑπ’
2063 2147 2279 2232 ἶσχύνς

188 2253 371 2320 Totus
410 2254 519 2320 hic
561 2255 748 2322 locus
792 2255 1122 2338 respicere
1169 2253 1332 2318 mihi
1373 2252 1633 2319 videtur
1677 2253 1764 2317 ad
1811 2260 1875 2319 N
1923 2260 2047 2320 730
2092 2275 2234 2338 sqq.

343 2351 516 2447 ἶίλλῳ
559 2357 684 2444 μὲν
725 2356 849 2448 γὰρ
894 2353 1096 2425 ἔδωκε
1136 2353 1304 2439 θεὸς
1349 2352 1682 2448 πολεμήια
1727 2350 1896 2444 ἔργα,

343 2453 517 2549 ὄὲλλιμ
566 2456 623 2529 δ’
672 2455 1002 2552 ὀρχηστύν,
1052 2457 1251 2549 ἑτέρῳ
1296 2458 1566 2551 κίθαριν
1609 2459 1721 2527 καὶ
1768 2455 2002 2552 ἀοιδήν
2027 2481 2043 2497 ·

342 2558 516 2653 {imp
562 2558 621 2631 δ’
671 2563 740 2631 ἐν
784 2562 1112 2657 στήθεσσι
1157 2569 1341 2632 τιθεῖ
1383 2563 1530 2632 νόον
1571 2558 1862 2653 εὐρύοπα
1905 2562 2067 2645 Ζεὺς

340 2665 603 2751 ἐσθλόν,
649 2673 763 2735 τοῦ
807 2667 882 2735 δέ
922 2693 993 2735 τε
1035 2667 1273 2735 πολλοὶ
1319 2661 1777 2756 ἐπαυρίσκοντ’
1823 2659 2198 2755 ἅνθρωποι.

186 2769 521 2838 Manifesto
567 2771 675 2837 hic
718 2772 973 2838 recedit
1025 2777 1225 2856 poeta
1271 2771 1504 2837 doctus
1550 2770 1635 2836 ab
1667 2770 1980 2854 Homero;
2028 2772 2281 2843 Gallim.

187 2873 345 2939 enim
399 2875 590 2941 dicit:
654 2873 958 2960 Iuppiter
1012 2897 1141 2941 non
1198 2880 1389 2940 curat
1439 2880 1677 2941 nautas
1732 2874 1833 2940 vel
1885 2874 2128 2942 milites
2180 2877 2280 2942 vel

184 2982 429 3060 poetas,
500 2977 618 3044 sed
679 2978 799 3045 hos
854 2999 1078 3045 omnes
1142 2978 1468 3045 concessit
1529 2978 1893 3045 minoribus
1941 2979 2070 3059 dis,
2136 2980 2280 3065 ipse

185 3079 348 3147 solos
403 3101 594 3166 reges
646 3082 773 3148 sibi
828 3081 1100 3167 delegit3
1170 3087 1401 3149 contra
1466 3082 1817 3148 Homerus.
1886 3083 2076 3165 deuS,
2131 3085 2174 3149 i.
2225 3106 2280 3154 e.

183 3185 474 3250 nimirum
518 3184 835 3270 Iuppiter,
881 3184 1053 3251 hunc
1097 3186 1257 3252 fecit
1300 3184 1595 3269 militem,
1642 3185 1831 3251 illum
1878 3187 2278 3269 saltatorem,

181 3285 353 3352 illum
396 3293 677 3372 poetam,
721 3286 908 3352 illum
952 3289 1376 3356 consiliorum
1423 3293 1776 3358 auctorem.
1862 3288 1940 3353 In
1982 3289 2086 3355 his
2118 3289 2278 3356 duo-

181 3411 317 3454 rum
359 3395 702 3476 poetarum
750 3389 964 3457 verbis
1008 3396 1240 3475 aperta
1283 3391 1456 3457 inest
1497 3392 1852 3477 oppositi03
1905 3413 2056 3457 nam
2102 3393 2279 3477 apud

182 3492 522 3561 Homerum
575 3493 869 3579 Iuppiter
912 3494 982 3560 id
1025 3494 1212 3576 facit,
1275 3495 1451 3580 quod
1509 3494 1671 3563 Call.
1720 3516 1866 3562 eum
1912 3495 2122 3562 facere
2168 3518 2278 3562 ne-

182 3603 303 3681 gat.
391 3598 593 3684 Atqui
648 3599 823 3664 inter
878 3619 1099 3665 omnes
1157 3603 1416 3664 constat
1471 3620 1619 3664 cum
1664 3598 1812 3664 aliis
1856 3598 2021 3664 locis
2044 3602 2094 3682 1)
2137 3605 2278 3664 tum

55 3766 56 3771 ,
181 3699 303 3783 hic,
349 3723 495 3768 cum
542 3699 741 3766 verba
804 3700 1005 3766 faciat
1058 3700 1139 3768 de
1194 3701 1345 3768 Iove
1413 3709 1530 3768 aut
1582 3702 1899 3787 Apolline,
1968 3722 2100 3767 non
2143 3707 2279 3768 tam

181 3803 365 3873 deum
395 3809 698 3891 spectare
729 3801 1204 3871 Callimachum
1249 3825 1447 3888 quam
1492 3806 2031 3891 Philadelphum3
2079 3812 2277 3891 atque

310 4067 351 4131 ²)
388 4063 456 4118 cf.
504 4062 550 4116 I.
595 4061 665 4118 55
698 4078 845 4134 sqq„
906 4062 985 4116 II.
1023 4063 1116 4130 26,
1152 4063 1252 4131 36,
1316 4063 1418 4118 IV.
1458 4063 1578 4129 165,
1623 4063 1754 4129 1713
1815 4061 2028 4120 Susem.
2066 4063 2100 4117 l.
2139 4066 2174 4119 l.
2229 4064 2277 4133 I,

178 4164 226 4218 p.
258 4149 380 4204 358.

1781 4239 1816 4290 4
1829 4238 1858 4272 ηε
