2969 4832
1125 276 1505 334 —7-

254 447 397 506 tam
445 441 556 506 ille
602 446 801 525 poeta
845 460 994 506 vere
1030 438 1521 523 ,Alexandrinus
1579 437 1854 520 singulis
1901 440 2223 521 versibus,
2291 462 2373 507 ne

259 545 480 610 dicam
509 544 747 625 verbis,
789 543 1148 609 intexuerit
1178 541 1548 608 doctrinam
1588 541 1895 625 idemque
1928 543 2374 613 occultaverit.

255 649 428 713 Nam
472 647 664 711 huius
708 646 947 712 aetatis
992 650 1255 729 poetae,
1311 666 1460 712 cum
1504 664 1635 720 non
1680 644 1891 710 solum
1938 652 2202 731 poetae,
2255 646 2373 711 sed

259 751 464 816 etiam
495 749 904 833 grammatici
936 751 1173 828 essent,
1219 747 1449 814 eodem
1481 752 1779 832 tempore
1809 749 2062 832 opinati
2095 755 2372 834 utroque

258 875 334 919 se
379 852 597 919 officio
642 851 828 936 fungi
872 871 1085 936 posse,
1132 851 1234 917 usi
1281 857 1434 916 sunt
1475 852 1819 935 poematiS,
1864 852 1931 916 in
1978 852 2219 936 quibus
2265 874 2375 918 ex-

259 957 580 1040 quisitam
626 955 936 1021 scientiae
967 974 1127 1020 suae
1158 953 1561 1040 deponerent
1592 954 1848 1039 copiam
1869 959 1949 1037 1);
1996 956 2118 1022 hoc
2158 961 2373 1022 autem

260 1061 527 1144 saepius
573 1080 699 1124 non
746 1058 841 1123 ita
888 1056 1239 1136 faciebant,
1281 1060 1358 1121 ut
1403 1055 1617 1139 quivis
1662 1058 1875 1140 primo
1921 1059 2241 1143 adspectu
2273 1081 2378 1125 co-

258 1166 608 1248 gnosceret
646 1160 808 1245 quid
841 1160 1102 1240 vellent,
1149 1161 1369 1241 immo,
1415 1181 1565 1226 cum
1596 1180 1727 1225 non
1757 1161 1950 1245 volgo
1997 1163 2372 1241 scriberent,

259 1267 379 1332 sed
404 1266 560 1330 viris
586 1265 816 1343 doctiS,
851 1284 1152 1347 magnam
1180 1263 1517 1329 doctrinae
1541 1264 1825 1348 sp'eciem
1857 1285 1985 1330 non
2017 1271 2155 1331 tam
2185 1286 2373 1351 aper-

256 1374 398 1435 tam
444 1367 858 1448 exhibebant,
905 1388 1101 1451 quam
1146 1367 1558 1433 reconditam
1601 1367 1933 1433 tenebant.
2010 1368 2197 1448 Quod
2228 1389 2373 1433 cum

258 1474 362 1538 ita
390 1494 459 1537 se
489 1470 748 1551 habeat,
781 1469 1037 1554 singula
1065 1469 1267 1537 verba
1297 1491 1564 1536 necesse
1596 1476 1696 1537 est
1725 1472 2101 1537 examinare
2132 1474 2199 1537 et
2228 1493 2372 1554 per-

257 1575 569 1660 pendere,
613 1579 690 1640 ut
716 1573 1193 1658 intellegamus,
1235 1595 1365 1658 quo
1396 1573 1672 1639 consilio
1703 1574 1960 1659 singula
1988 1572 2306 1640 vocabula
2335 1594 2376 1638 a

257 1684 460 1763 poeta
489 1678 683 1744 docto
714 1678 932 1762 posita
962 1677 1109 1742 sint.
1157 1677 1301 1743 Hoc
1331 1682 1553 1743 autem
1584 1698 1840 1761 semper
1870 1677 2224 1744 tenendum
2256 1680 2374 1756 est,

262 1782 319 1848 si
351 1783 499 1866 quis
543 1781 797 1847 fructus
838 1801 1079 1864 operae
1110 1779 1482 1846 Homericis
1514 1781 1916 1846 carminibus
1962 1781 2251 1846 tributae
2299 1799 2376 1844 ex

263 1885 529 1969 scriptis
571 1882 959 1951 Callimachi
992 1882 1299 1967 colligere
1329 1882 1516 1966 velit;
1562 1904 1714 1949 nam
1759 1892 1835 1950 ut
1878 1885 1944 1948 in
1975 1883 2077 1949 his
2109 1882 2375 1968 Apollo-

261 1988 446 2054 nium
477 1987 805 2053 Rhodium
849 1982 1180 2052 inimicum
1213 1986 1499 2053 correxit
1543 1990 1611 2052 et
1655 1987 1931 2068 vexavit,
1979 1995 2054 2052 ut
2096 1987 2375 2052 aliorum

263 2112 529 2175 quoque
559 2091 849 2155 virorum
880 2089 1225 2156 doctorum
1257 2110 1514 2156 errores
1562 2090 1930 2174 castigavit,
1976 2096 2051 2155 ut
2098 2110 2176 2154 ea
2208 2109 2375 2173 quae

195 2263 199 2267 ,
262 2196 335 2260 in
365 2193 808 2280 peculiaribus
839 2193 1023 2258 libris
1054 2194 1372 2278 tetigerat
1400 2197 1518 2258 aut
1547 2195 1960 2274 tractaverat,
1991 2194 2057 2257 in
2089 2192 2376 2258 transitu

263 2297 572 2381 repetivit
614 2305 682 2363 et
735 2297 1129 2364 sententiam
1175 2292 1913 2368 suam.communicavit
1963 2317 2110 2361 cum
2156 2296 2373 2380 legen-

263 2401 445 2469 tibus
455 2403 534 2487 ²):
582 2402 677 2467 sic
702 2400 898 2468 etiam
923 2400 978 2466 si
1002 2399 1260 2486 singula
1284 2398 1483 2466 verba
1506 2403 1816 2466 accurate
1839 2399 2375 2479 recensuerimus,

264 2505 615 2590 apparebit
646 2505 1119 2571 Callimachum
1161 2505 1550 2589 praesertim
1582 2504 1650 2568 in
1681 2503 1936 2587 hymnis
1966 2503 2376 2588 grammatici

266 2630 537 2674 munere
580 2607 899 2675 functum'
922 2608 1121 2674 etiam
1166 2608 1523 2673 Homerum
1571 2627 1713 2673 esse
1756 2606 2285 2692 interpretatum.

438 2716 654 2796 Atque
698 2710 867 2777 hanc
909 2710 1174 2776 Homeri
1232 2709 1845 2795 interpretationem
1893 2732 1929 2776 e
1975 2710 2376 2776 Callimacho

268 2815 586 2899 indagare
651 2815 911 2880 studuit
968 2815 1097 2880 iam
1141 2812 1213 2882 E.
1263 2809 1682 2880 Scheerius
1755 2814 1826 2879 in
1898 2818 2376 2899 programmate

270 2917 803 3002 Rendsburgensi
871 2918 953 2984 de
1023 2916 1423 2984 Callimacho
1488 2910 1809 3005 Ὁμηρικῷ
1882 2922 2045 2985 1866
2115 2917 2376 3000 scripto,

269 3020 401 3087 Sed
433 3043 576 3086 cum
623 3043 752 3088 non
798 3022 1010 3088 solum
1056 3011 1262 3085 multo
1309 3018 1586 3104 amplius
1630 3019 1939 3105 progredi
1979 3020 2379 3105 possimus,⁸)

269 3123 389 3189 sed
434 3124 633 3188 etiam
664 3125 950 3191 Scheerii
983 3122 1372 3208 opusculum
1417 3144 1549 3189 non
1589 3123 1726 3189 sine
1759 3124 2060 3189 socordia
2091 3123 2377 3207 quadam

268 3234 470 3310 atque
515 3226 781 3293 levitate
813 3228 1129 3313 scriptum
1177 3228 1343 3310 sit,4)
1390 3247 1632 3312 operae
1661 3227 1947 3312 pretium
1979 3227 2137 3291 mihi
2168 3227 2379 3292 visum

408 3471 452 3535 ι)
488 3467 557 3523 cf.
594 3467 812 3524 Kaibel.
883 3468 1168 3524 Deutsche
1202 3466 1733 3539 Litteraturzeitung
1767 3468 1921 3536 1882,
1958 3468 2024 3523 17
2028 3468 2112 3524 50.

409 3554 454 3623 ²)
488 3554 556 3609 cf.
591 3553 796 3609 Kaibel
831 3554 867 3609 l.
904 3554 940 3609 l.

301 3681 305 3686 .
412 3643 455 3705 ³)
493 3639 784 3695 Scheerius
835 3640 955 3712 ipse
998 3640 1269 3712 opusculo
1322 3656 1426 3694 suo
1469 3640 1849 3712 quaestionem
1898 3639 2216 3695 absolutam
2261 3656 2380 3711 per-

270 3726 582 3796 fectamque
614 3741 733 3781 esse
767 3727 993 3797 negavit
1027 3744 1079 3798 p.
1116 3727 1182 3782 17
1218 3742 1263 3780 s.
1300 3726 1337 3780 f.

409 3815 453 3878 ⁴)
492 3810 685 3866 Unum
720 3811 811 3867 hic
846 3812 1005 3867 edam
1043 3811 1364 3883 exemplum
1399 3811 1577 3866 instar
1611 3812 1889 3867 omnium:
1937 3829 1991 3883 p.
2027 3813 2112 3868 23.
2148 3812 2275 3867 adn.
2310 3811 2383 3868 30

273 3901 559 3967 comparat
592 3897 646 3951 h.
683 3898 743 3952 in
778 3899 947 3954 Dian.
970 3900 1039 3954 46
1074 3897 1235 3971 ”39⁰6
1268 3904 1641 3967 κεκομηιιένον
1675 3897 1773 3970 ὕλῃ
1806 3914 1936 3953 cum
1973 3897 2223 3952 Homero
2257 3919 2277 3949 ι
2312 3897 2379 3951 41

276 3985 402 4056 ὅρος
440 3990 750 4052 ὲπιείμενον
786 3982 916 4056 ὕλῃ“
927 4002 948 4048 ,·
991 3985 1087 4040 sed
1113 3984 1223 4039 nisi
1247 3985 1372 4055 quis
1395 3984 1515 4056 ipse
1538 3984 1684 4039 hanc
1707 3983 2131 4040 similitudinem
2154 3983 2383 4051 invenit,

272 4070 357 4125 his
386 4069 629 4127 Scheerii
651 4070 872 4125 indiciis
901 4086 1251 4143 nequaquam
1275 4070 1502 4146 reperit3
1527 4070 1732 4129 etenim
1758 4086 1950 4128 versus
1974 4068 2382 4130 callimache-us
