2969 4832
1015 340 1435 400 -43—

184 496 585 589 ἓλιβότρυαςς
627 508 827 586 atque
875 523 955 568 ex
998 502 1122 568 hac
1167 502 1451 570 dialecto
1495 502 1658 573 Call.
1701 505 1973 571 Homeri
2017 505 2283 571 verbum

182 603 307 687 ἕλιξ
349 604 676 689 explicare
720 604 847 670 sibi
890 606 1066 670 visus
1112 611 1228 673 est.

827 792 1042 878 Frgm.
1088 801 1238 864 418
1304 797 1618 887 μέροπες.

336 912 835 995 Bodenheimer‚
879 914 992 998 qui
1037 916 1167 982 l.1
1178 938 1279 1003 p.
1327 925 1403 986 61
1454 939 1553 1002 sq.
1601 918 1682 984 de
1725 918 1849 983 hac
1885 939 2043 984 voce
2085 918 2285 985 verba

178 1018 338 1099 fecit,
408 1017 881 1082 demonstravit
968 1000 1316 1121 goatarum
1390 1023 1794 1105 tragicorum
1875 1022 2283 1106 temporibus

180 1120 411 1185 nullam
455 1119 647 1184 aliam
680 1119 1070 1209 trimam
1105 1124 1306 1190 fuisse
1349 1126 1476 1190 nisi
1522 1124 1992 1190 mortalium.
2064 1128 2282 1208 Atque

180 1228 302 1288 tum
360 1222 572 1288 addit.
760 1250 839 1293 ue
897 1229 1086 1293 aliter
1129 1231 1562 1294 Alexandrini
1611 1249 1818 1294 vocem
1862 1230 2282 1311 usurpabant,

181 1329 292 1391 nisi
335 1327 498 1411 quod
575 1335 761 1396 ‘ariis
813 1334 1011 1396 modis
1066 1336 1371 1418 oriyinem
1422 1334 1714 1397 vocabuli
1766 1333 2091 1415 caeplicare
2136 1341 2283 1396 stu-

183 1432 408 1496 debant.
596 1456 671 1500 oc
723 1435 789 1499 in
846 1434 1311 1501 Callimachum
1380 1435 1648 1520 quidem
1716 1434 1949 1501 cadere
2017 1434 2281 1500 demon-

185 1533 363 1599 strari
461 1543 633 1605 otest
673 1538 799 1605 hac
842 1559 934 1603 re.
1023 1539 1088 1603 Is
1134 1540 1306 1605 enim
1351 1536 1554 1606 semel
1594 1539 1720 1605 hoc
1763 1536 2081 1603 vocabulo
2124 1558 2282 1603 usus

186 1642 272 1703 est
311 1637 333 1701 i
431 1642 619 1728 frgm.
661 1648 788 1709 418

1034 1742 1190 1812 ἐπεὶ
1233 1740 1401 1826 θεὸς
1441 1737 1593 1812 οὐδὲ
1637 1740 1951 1832 γελάσσαι

510 1842 781 1916 ἇκλαυτὶ
824 1845 1226 1937 μερόπεσσιν
1269 1841 1628 1938 ὀιζυροῖσιν
1672 1844 1888 1915 ἔδωκε.

188 1946 309 2023 Iam
361 1974 512 2019 vero
556 1955 735 2038 apud
781 1954 1135 2020 Homerum
1182 1960 1254 2020 N
1291 1960 1414 2021 569
1460 1952 1707 2037 legitur

425 2050 653 2145 γίγνετ’
681 2048 886 2147 ’,Ἀρης
928 2048 1253 2144 ἀλεγεινὸς
1298 2050 1621 2144 ὀιζυροῖσι
1661 2058 1998 2144 βροτοῖσιν

190 2173 233 2225 Q
277 2162 319 2228 δ
368 2168 488 2229 197

427 2260 620 2332 τοῦτό
660 2290 733 2331 νυ
776 2262 889 2331 καὶ
932 2263 1123 2353 γέρας
1166 2254 1303 2330 οἷον
1348 2255 1679 2351 ὀιζυροῖσι
1721 2264 2069 2350 βροτοῖσιν.

172 2372 387 2452 Atque
454 2368 592 2434 sine
659 2367 860 2435 dubio
929 2367 1090 2435 Call.
1155 2366 1372 2433 verbis
1444 2363 1851 2456 μερόπεσσιν
1924 2357 2285 2453 ὀιζυροῖσιν

158 2470 467 2537 *reddidit
507 2471 771 2539 Homeri
827 2464 1152 2562 ὀιζυροῖσι
1195 2474 1563 2560 βροτοῖσινς
1617 2491 1768 2535 nam
1814 2470 2010 2536 etiam
2055 2469 2287 2536 eodem

166 2596 334 2640 casu
379 2596 536 2640 usus
582 2579 702 2642 est.

304 1828 330 1900 *l

755 2762 976 2847 Frgm.
1020 2769 1169 2833 492.
1238 2754 1709 2842 ἀνιπτόποδες.

114 2953 119 2974 ¹,
351 2884 493 2948 Hoc
538 2884 721 2968 frgm.
783 2884 907 2950 etsi
962 2889 1346 2968 corruptum
1398 2883 1719 2949 traditum
1767 2888 1869 2950 est
1910 2883 1979 2948 in
2022 2882 2286 2948 scholiis

169 2985 261 3051 ad
307 2992 389 3053 H
427 2994 572 3069 235,
617 2988 728 3054 ubi
775 2988 1063 3055 Achilles
1107 2992 1418 3072 precatur
1460 2987 1681 3052 Iovem
1727 2986 2155 3053 Dodonaeum

122 3099 123 3102 ’
1021 3084 1195 3179 ἀμφὶ
1240 3088 1316 3158 δὲ
1359 3087 1707 3180 (Δωδώνῃ)
1752 3089 1981 3157 Σελλοὶ

353 3190 458 3259 σοὶ
498 3189 745 3262 ναίουσ’
790 3189 1137 3286 ὑποφῆται
1181 3186 1637 3276 ἀνιπτόποδες
1679 3199 2066 3281 χαμαιεῦναι

126 3343 127 3346 ,
170 3299 297 3363 ita:
355 3282 508 3387 ἧσεν
551 3291 777 3378 ἐκδους
823 3295 1165 3385 σάμβαλον
1209 3291 1494 3379 αυλείου,
1549 3303 1768 3365 tamen
1812 3320 1847 3365 e
1893 3297 2287 3364 scholiastae

175 3400 424 3467 verbis:
461 3394 963 3482 ανιπτόποδες·
996 3426 1062 3470 οι
1104 3400 1593 3491 φυλασσόμενοι
1635 3398 1732 3495 μή
1773 3428 1840 3469 τι
1882 3396 2118 3527 μιαρὸν
2160 3425 2288 3468 πα-

171 3509 397 3595 τῆσαι.
465 3497 510 3596 ἦ
536 3496 630 3596 μὴ
660 3501 1003 3593 προὶόντες
1039 3511 1154 3573 τοῦ
1194 3529 1386 3594 ιερου,
1433 3500 1526 3587 ὦς
1551 3504 1645 3598 μὴ
1677 3506 1952 3573 δεῖσθαι
1982 3501 2286 3593 νίπτρων.

114 3601 117 3606 Γ
172 3633 290 3674 και
337 3605 800 3693 Καλλίμαχος·
831 3594 983 3699 ἧσεν
1025 3608 1156 3675 κτλ.
1213 3608 1598 3676 concludere
1655 3630 2002 3693 possumus
2056 3615 2123 3676 et
2175 3609 2285 3674 de-

173 3711 431 3793 bemus,
478 3732 649 3796 quae
692 3711 850 3777 insit
893 3713 1252 3798 sententia3
1297 3734 1449 3779 nam
1490 3715 1630 3798 ipse
1661 3712 1820 3782 Call.
1866 3715 2051 3779 testis
2096 3712 2287 3780 affer·

52 3871 55 3922 ἰ
175 3820 289 3880 tur
332 3816 528 3881 huius
575 3814 1031 3899 explicationis
1071 3837 1111 3882 a
1142 3815 1491 3883 scholiasta
1534 3816 1740 3883 altero
1783 3815 1928 3884 loco
1972 3816 2286 3902 prolatae.

52 3925 83 3964 ’-
172 3920 419 4003 Itaque
484 3940 752 3986 necesse
806 3924 907 3986 est
963 3919 1368 4003 negationem
1427 3920 1717 4005 aliquam
1779 3919 2040 4001 addere,
2108 3920 2286 4005 quod

172 4030 362 4090 recte
405 4023 691 4089 Naekius
736 4023 818 4088 de
864 4022 1092 4092 Hecal.
1136 4045 1199 4108 p.
1235 4030 1317 4092 50
1361 4023 1612 4104 statuit,
1657 4028 1733 4088 ut
1775 4024 2099 4089 sententia
2143 4044 2286 4090 eva-

178 4127 320 4207 dat,
368 4148 560 4211 quam
606 4149 642 4194 e
687 4127 1075 4193 scholiastae
1119 4126 1333 4194 verbis
1377 4126 1726 4211 poscimus
1814 4127 2125 4195 Videmus
2164 4126 2285 4211 igi·
