2969 4832
982 363 1408 425 -91-

132 524 512 613 δύσφημος,
579 519 670 617 μὴ
726 518 911 610 ἄξιος
966 530 1083 593 τοῦ
1126 519 1568 617 ἀκουσθῆναι,
1640 549 1784 593 cum
1855 529 2251 597 Schneidero

128 629 566 695 statuendum
635 635 737 695 est
790 622 1124 710 ἆπούατος
1179 623 1286 719 ὑφ’
1345 628 1411 696 ἓν
1477 631 1793 714 scriptum
1861 633 2252 699 attributum

128 754 287 800 esse
343 732 431 797 ad
495 724 760 820 ἅγγελος
825 733 1174 814 adiectum,
1243 755 1372 799 non
1440 733 1853 800 scribendum
1919 757 2061 802 esse
2128 731 2250 802 ἀπ’

128 859 390 916 ουατος,
447 836 626 920 quod
670 856 841 900 nunc
906 835 1180 920 legimus
1242 843 1300 903 Σ
1337 844 1460 906 272
1518 833 1596 901 αἲ
1616 834 1761 959 γὰρ
1817 837 1901 929 δή
1952 864 2069 923 μοι
2125 833 2247 905 ἀπ’

127 932 374 1019 ούατος
416 925 543 1004 ωδε
588 937 838 1026 γένοιτο
868 945 935 1005 et
965 945 1041 1005 X
1064 947 1190 1008 454
1236 936 1316 1006 αἲ
1347 937 1466 1027 γὰρ
1513 932 1635 1006 ἀπ’
1684 932 1917 1021 ούατος
1959 937 2054 1031 ειή
2102 941 2253 1028 ἐμεῦ

132 1037 332 1123 ἔπος.
409 1042 598 1121 Quod
632 1042 686 1107 si
718 1042 814 1108 ita
860 1047 979 1122 est,
1024 1042 1151 1107 iam
1200 1041 1635 1109 Schneiderus
1680 1044 2024 1111 adnotavit
2055 1045 2252 1112 Calli-

127 1146 445 1211 machum
511 1145 643 1210 illis
703 1165 1039 1210 assensum
1087 1166 1254 1223 esse,
1324 1148 1436 1229 qui
1504 1139 1835 1215 ἀπούατον
1899 1169 2031 1213 una
2097 1169 2250 1215 voce

126 1249 455 1333 legerent.
547 1248 624 1313 cf.
670 1247 872 1314 schol.
919 1248 975 1312 D
1023 1248 1106 1313 ad
1151 1254 1209 1314 Σ
1247 1257 1369 1318 272
1416 1245 1585 1328 τινὲς
1642 1244 1713 1317 δὲ
1758 1242 2086 1318 ἀπούατον
2139 1246 2252 1319 τὸν

127 1348 361 1428 κακὸν,
406 1344 488 1416 ἵν’
524 1340 565 1440 ᾗ
595 1342 704 1417 τὸν
740 1344 1056 1433 Ἀχιλλέα,
1104 1345 1250 1417 ἀντὶ
1281 1358 1393 1417 τοῦ
1422 1347 1569 1419 εἴθε
1595 1348 1715 1441 γὰρ
1743 1351 1943 1434 κακὸς
1982 1352 2249 1442 ἐγένετο,

125 1451 440 1521 τουτέστι
487 1451 721 1534 δειλός.
811 1453 1042 1520 Eidem
1090 1462 1304 1522 autem
1351 1457 1487 1521 sine
1535 1455 1736 1521 dubio
1783 1458 1980 1522 etiam
2012 1464 2088 1524 X
2126 1467 2251 1526 454

127 1551 253 1645 ὑφ’
302 1555 369 1623 ἓν
412 1556 538 1622 hoc
583 1554 973 1622 vocabulum
1018 1557 1413 1623 scribebant.
1500 1562 1714 1642 Atque
1767 1559 2044 1627 fortasse
2089 1562 2253 1628 haec

126 1660 475 1743 scriptura
505 1659 681 1725 redit
709 1658 797 1723 ad
818 1659 1246 1741 Zenodotum‚
1279 1683 1471 1745 quem
1504 1663 1768 1746 saepius
1788 1663 2251 1730 Callimachum

127 1769 441 1830 secutum
488 1783 631 1828 esse
675 1767 950 1828 constat.
964 1765 1016 1848 1)

307 2272 427 2337 His
457 2271 662 2355 igitur
694 2292 774 2336 ex
804 2269 967 2337 locis
998 2292 1209 2355 pauca
1239 2271 1606 2355 didicimus,
1640 2295 1775 2357 qua
1805 2278 2060 2342 ratione
2087 2277 2247 2344 Call.

131 2375 468 2461 quaedam
529 2374 848 2442 vocabula
895 2397 973 2442 ex
1020 2375 1290 2441 Homeri
1350 2377 1747 2445 carminibus
1801 2378 2036 2446 hausta
2095 2381 2251 2447 scri-

129 2480 405 2564 psisset,
453 2499 782 2562 quamque
816 2479 1206 2564 scripturam
1252 2479 1374 2545 hoc
1417 2481 1612 2547 modo
1645 2483 2251 2550 commendavisset.

127 2584 211 2648 In
260 2581 688 2665 sequentibus
732 2589 951 2647 autem
1009 2582 1357 2648 nonnullos
1410 2583 1588 2650 locos
1644 2587 2253 2671 contemplabimur,

127 2686 256 2752 ubi
306 2686 561 2768 antiqui
615 2685 1024 2769 grammatici
1072 2686 1515 2752 dubitaverint
1568 2692 1706 2760 aut
1759 2690 1947 2778 quid
1989 2690 2251 2761 Home-

130 2809 285 2861 rus
331 2790 769 2877 scripsisset,
817 2791 956 2860 aut
1000 2809 1146 2877 quo
1192 2790 1407 2860 modo
1451 2790 1534 2860 id
1579 2792 1786 2879 quod
1830 2795 2253 2881 scripsisset

130 2891 749 2980 intellegendum
795 2895 1023 2962 esset.
1097 2898 1312 2976 Atque
1355 2893 1632 2961 fortasse
1663 2894 1852 2960 nobis
1900 2897 2250 2981 continget,

128 3001 214 3061 ut
272 2994 820 3075 demonstremus,
878 2994 1037 3078 quid
1093 2996 1343 3061 Gallim.
1398 2998 1728 3082 putaverit
1772 2998 1852 3064 de
1906 2999 2008 3064 his
2068 2999 2248 3068 locis,

130 3096 398 3164 Similia
440 3102 659 3163 autem
704 3096 1034 3166 interdum
1071 3100 1201 3164 iam
1244 3099 1578 3183 tetigimus
1609 3101 1675 3164 in
1706 3103 2249 3170 antecedentibus

132 3200 259 3287 (cf.
306 3224 364 3282 p.
409 3206 511 3282 54,
564 3207 664 3282 56,
711 3200 842 3287 91),
887 3203 1251 3286 proximum
1295 3203 1513 3268 locum
1559 3208 1777 3270 teneto

931 3452 981 3518 I.
1028 3459 1130 3520 55.
1177 3445 1466 3537 ἔτραφες.

320 3575 464 3640 Ηοο
507 3573 576 3638 in
620 3592 813 3637 versu

339 3670 506 3743 καλὰ
551 3673 676 3760 μὲν
721 3669 927 3766 ἦέξευ,
974 3674 1141 3741 καλὰ
1187 3668 1246 3741 δ’
1295 3670 1585 3763 ἔτραφες,
1636 3669 1894 3765 οὖράνιε
1937 3679 2065 3741 Ζεῦ

133 3781 440 3848 videmus
473 3778 945 3846 Callimachum
993 3775 1274 3867 ἔτραφον
1318 3780 1635 3845 aoristum
1680 3778 1760 3844 II.
1807 3778 1988 3845 verbi
2034 3777 2255 3867 τρέφω

134 3905 499 3969 usurpasse
544 3903 664 3967 pro
724 3882 1167 3963 intransitiv03
1236 3882 1306 3947 id
1363 3883 1538 3966 quod
1592 3902 1718 3947 non
1775 3888 2016 3949 temere
2073 3880 2250 3963 fecit,

275 4165 321 4229 1)
359 4158 431 4214 cf.
471 4174 524 4229 p.
561 4157 630 4212 93
667 4161 725 4211 et
758 4157 824 4213 97
861 4160 918 4212 et
952 4157 1170 4212 Scheer.
1205 4173 1260 4228 p.
1294 4157 1330 4210 4
1366 4173 1483 4227 sqq.
