2969 4832
1017 382 1435 441 ...75-

197 544 556 627 Apollodori
633 544 1063 628 veriloquium
1138 566 1281 611 esse
1356 545 1653 611 conicere
1727 546 1884 612 licet
1956 566 1991 611 e
2067 545 2280 611 verbis

195 647 581 715 scholiastae.
594 652 646 731 1)

346 750 482 815 Iam
527 772 679 816 vero
740 756 876 817 tres
941 752 1072 819 loci
1122 752 1426 818 videntur
1478 752 1629 817 huic
1694 752 1932 817 rationi
1998 751 2281 832 obstare,

194 875 449 936 quorum
508 855 757 937 primus
812 860 913 919 est
966 855 1152 939 frgm.
1203 864 1276 923 31
1329 878 1409 921 ex
1453 854 1751 922 Eustath.
1805 863 1986 934 1951,
2040 863 2140 923 16'
2171 877 2282 938 pe-

192 957 391 1025 titum.
477 957 617 1021 Hoc
682 958 856 1022 enim
924 979 1004 1023 ex
1075 959 1220 1024 loco
1294 959 1609 1024 Miillerus
1677 959 2021 1041 exscripsit
2089 959 2281 1024 haec:

193 1056 617 1144 Κυλλήνιος
681 1058 756 1125 δὲ
821 1056 1088 1150 Ἑρμῆς,
1156 1068 1459 1145 μυθικῶς
1527 1060 1648 1144 μὲν
1713 1055 1853 1126 ἀπὸ
1923 1058 2279 1148 Κυλλήνης,

195 1156 328 1250 ἥτις
369 1154 520 1246 ἷὶρος
574 1161 751 1228 ἐστὶν
801 1155 1182 1249 Ἀρκαδίας,
1245 1161 1529 1230 σταδίων
1584 1162 1767 1229 ἐννέα
1810 1158 2281 1247 Ὀλυμπιακῶν,

194 1261 368 1352 παρὰ
422 1264 643 1345 πόδας
686 1259 1102 1358 ὀγδοήκοντα,
1161 1260 1344 1333 καθὰ
1389 1266 1592 1354 φασὶν
1636 1263 1913 1355 ἱστορεῖν
1957 1263 2284 1332 Ἀπολλό-

199 1368 410 1451 δωρον,
459 1360 837 1452 ὀνομασθὲν
879 1363 1022 1436 ἀπὸ
1070 1369 1408 1461 Κυλλήνης
1463 1366 1742 1461 ἦρωΐδος
1783 1367 1961 1449 τινός
1995 1391 2011 1405 ·
2046 1365 2284 1457 περιᾴ-

192 1471 363 1536 δεται
394 1469 468 1536 δὲ
501 1470 941 1558 διαφερόντως
972 1471 1042 1538 ἐν
1071 1478 1215 1554 τοῖς
1246 1472 1402 1561 περὶ
1433 1479 1621 1539 τοῦτο
1648 1466 1727 1539 τὸ
1765 1464 1911 1559 ὅρος
1953 1476 2287 1555 τιμᾶσθαι

185 1566 293 1639 τὸν
332 1568 597 1664 Ἑρμῆν,
665 1568 972 1642 κάκεῖθεν
1021 1580 1198 1659 σχεῖν
1250 1571 1326 1642 τὸ
1385 1574 1623 1658 λεχθὲν
1681 1571 2016 1641 ἐπίθετον.
2110 1575 2288 1640 Haeo

190 1678 243 1741 si
271 1680 416 1761 quis
464 1678 644 1760 legit,
691 1684 912 1761 potest
957 1679 1268 1745 arbitrari
1303 1679 1784 1763 Apollodorum
1830 1699 2092 1761 quoque
2136 1699 2286 1762 pro·

186 1780 367 1847 basse
427 1780 776 1864 mythicam
842 1782 1026 1847 illam
1087 1783 1559 1849 derivationem
1621 1804 1660 1847 a
1715 1787 1932 1848 monte
1989 1781 2286 1866 Cyllenes

185 1883 468 1963 ductam,
539 1883 654 1949 sed
711 1886 887 1968 apud
944 1886 1385 1951 Eustathium.
1426 1890 1792 1969 sequuntur
1845 1886 2069 1950 statim
2127 1885 2286 1948 haec

184 1988 401 2052 verba:
472 1981 638 2052 κατὰ
692 1985 921 2071 μέντοι
978 1983 1362 2077 ἇλληγορίαν
1418 1986 1779 2079 Κυλλήνιος
1830 1982 1865 2053 ὁ
1919 1994 2031 2053 τοῦ
2083 1982 2287 2052 ὕπνου

184 2089 403 2183 δοτήρ,
454 2088 489 2157 ὃ
530 2083 648 2168 τὰς
693 2087 880 2181 ἡνίας
928 2096 1061 2158 τῶν
1104 2089 1315 2172 κύλων,
1351 2085 1392 2184 ἢ
1438 2086 1731 2158 κυλάδων
1775 2087 1957 2173 ἔὸςων,
2019 2080 2056 2157 ὃ
2102 2089 2285 2177 δηλοῖ

183 2187 257 2259 τὰ
317 2186 454 2261 ὑπὸ
515 2186 667 2272 τοὺς
727 2186 1112 2281 ὀφθαλμούς
1143 2217 1158 2231 ·
1191 2196 1325 2261 κτλ.
1414 2196 1646 2261 Nonne
1700 2196 1829 2261 iam
1879 2199 2156 2278 apparet
2209 2215 2287 2259 ex

182 2299 448 2377 ratione,
484 2317 679 2381 quam
703 2297 1142 2380 Apollodorus
1174 2300 1473 2382 sequitur
1505 2300 1573 2362 in
1605 2299 2014 2382 explicandis
2047 2318 2284 2381 cogno·

182 2401 481 2482 minibu8‚
528 2400 668 2467 hoc
712 2423 855 2466 esse
903 2401 1044 2467 eius
1093 2403 1559 2487 veriloquium,
1604 2401 1734 2468 non
1781 2401 1959 2486 quod
2004 2402 2289 2486 exscrip-

184 2507 342 2571 serit
396 2505 754 2571 Miillerus‘?
824 2505 1009 2570 Alius
1065 2507 1247 2573 locus
1304 2512 1406 2573 est
1461 2506 1649 2589 frgm.
1703 2514 1785 2573 43
1832 2507 2009 2588 apud
2068 2505 2287 2588 Steph.

182 2609 324 2693 Byz.
372 2616 732 2674 servatum:
774 2601 1144 2696 Ἀκριόρεια,
1189 2602 1380 2697 ἄκρον
1426 2601 1631 2698 ὅρους,
1679 2608 1745 2675 ἐν
1782 2596 1834 2697 ᾧ
1867 2604 1928 2674 οἶ
1974 2603 2289 2686 οἰκοῦντες

176 2704 591 2800 Ἀκρωρεῖται
617 2735 629 2748 ·
656 2702 830 2779 οὕτω
886 2711 961 2777 δὲ
1018 2709 1203 2799 παρὰ
1257 2710 1639 2791 Σικυωνίοις
1697 2710 1965 2795 ἐτιμᾶτο
2010 2705 2075 2796 [ὁ
2121 2707 2289 2776 Διό-

183 2819 414 2900 νυσος].
506 2814 798 2881 ἐκαλεῖτο
866 2815 940 2881 δὲ
1009 2809 1195 2903 παρὰ
1246 2816 1369 2899 μὲν
1426 2811 1800 2892 Σικυωνίοις
1840 2810 2286 2901 Ἀκρωρείτης,

182 2912 369 3006 παρὰ
423 2917 496 2984 δὲ
553 2917 1087 2997 Μεταποντίνοις
1151 2912 1441 3007 Ἐρίφιος
1503 2910 2002 3004 Ἀπολλόδωρός
2069 2938 2286 3004 φησιν.

181 3026 400 3105 Atque
469 3022 572 3086 hic
643 3043 901 3105 quoque
958 3022 1197 3107 aliquis
1265 3022 1601 3106 putaverit
1652 3020 2120 3104 Apollodorum
2179 3041 2289 3084 ex-

181 3126 463 3208 plicasse
511 3146 872 3209 cognomen
911 3120 1342 3214 Ἀκρωρείτης
1384 3129 1699 3204 τοπικῶς,
1746 3123 1861 3188 sed
1907 3129 2083 3188 recte
2128 3128 2287 3206 puto

181 3228 546 3293 Meinekius
595 3231 652 3294 ei
701 3230 842 3294 sola
888 3231 1087 3295 verba
1132 3230 1214 3294 ab
1265 3228 1558 3295 ἐκαλεῖτο
1602 3226 1677 3292 δὲ
1731 3247 1939 3310 usque
1984 3226 2068 3290 ad
2113 3219 2290 3311 Ἐρί-

177 3357 330 3420 φιος
374 3333 638 3414 tribuit,
708 3334 807 3397 ita
855 3339 927 3398 ut
973 3334 1054 3398 de
1101 3333 1507 3396 derivatione
1562 3330 1666 3394 hic
1723 3329 1887 3393 nihil
1946 3329 2290 3397 discamus,

176 3436 364 3502 Idem
398 3441 615 3501 autem
664 3436 842 3501 cadit
887 3437 953 3500 ni
985 3436 1182 3500 fallor
1212 3436 1275 3498 in
1312 3434 1497 3518 frgm.
1521 3441 1624 3513 44,
1669 3433 1844 3517 quod
1875 3434 2031 3497 item
2066 3432 2288 3515 Steph.

177 3540 334 3624 Byz.
365 3538 598 3604 habet:
640 3533 939 3617 ’[λισσός,
972 3536 1278 3622 ποταμὸς
1308 3542 1422 3620 τῆς
1455 3530 1778 3627 Ἀττικῆς,
1827 3534 1937 3617 ,,ἐν
1968 3535 2289 3625 (Wentzel

183 3643 318 3707 VII.
386 3651 467 3709 42
537 3637 668 3730 ἐφ’)
736 3629 788 3729 ᾧ
856 3647 1176 3726 τιμῶνται
1244 3637 1315 3708 αὶ
1383 3646 1658 3708 Μοῦσαι
1722 3633 2123 3719 Ἰλισσίδεςιι,
2203 3633 2292 3716 ὥς

171 3739 690 3833 Ἀπολλόδωρος.
768 3747 947 3825 Quae
979 3767 1125 3811 cum
1156 3747 1253 3810 ita
1285 3746 1433 3825 sint,
1479 3744 1798 3808 videtur
1844 3741 2027 3806 mihi
2058 3747 2165 3825 Ap
2180 3741 2289 3806 ol-

178 3849 510 3915 lodorus
565 3870 873 3933 semper
932 3850 1579 3933 explicationem,
1650 3865 1878 3929 quam
1944 3846 2290 3910 nomina-

179 3955 380 4019 bant
423 3954 771 4043 τοπικήν
815 3953 935 4017 vel
978 3950 1351 4043 μυθικήν,
1421 3949 1843 4034 sprevisse,
1912 3946 2288 4031 probasse

181 4054 745 4147 ἐτυμολογικήν
789 4056 907 4120 vel
954 4049 1481 4145 ἆλληγορικήν.

323 4216 363 4279 ¹)
401 4210 468 4265 cf.
507 4210 780 4279 Wentzel‚
815 4207 1057 4277 ἐπικλήσ.
1093 4227 1145 4281 p.
1183 4211 1270 4277 30,
1305 4210 1387 4266 48.
