2969 4832
1044 377 1467 435 ..37-

366 535 413 604 θ’
455 532 512 605 τ’
562 535 744 627 ὀλίγη
789 539 909 625 μὲν
954 543 1183 628 πρῶτα
1229 538 1631 629 κορύσσεται,
1677 532 1879 629 αὐτὰρ
1925 535 2155 607 ἔπειτα

367 637 616 733 οὐρανῷ
664 639 964 735 ἐστήριξε
1008 641 1172 732 κάρη
1217 642 1330 710 καὶ
1375 641 1495 710 ἐπὶ
1535 642 1733 726 χθονὶ
1775 639 2007 728 βαίνει.

192 748 413 829 Atque
479 746 626 811 vide
692 746 877 811 illum
946 743 1273 833 στηρίζειν
1339 747 1609 812 verbum
1677 746 2039 830 explicasse
2106 747 2306 813 verbo

192 845 540 916 ἅπτεσθαι
585 849 691 931 (cf.
737 850 1046 934 paraphr.
1094 872 1150 918 a.
1193 850 1255 914 h.
1301 849 1343 913 l.
1390 847 1871 938 προσεπέλασε,
1921 842 2188 940 ἤγγισε),
2233 856 2309 915 ut

190 953 449 1019 scilicet
479 957 755 1033 caveret,
802 974 883 1018 ne
924 956 1070 1037 quis
1114 954 1334 1037 inepte
1367 952 1727 1037 explicaret
1759 961 1958 1036 caput
1988 954 2054 1017 in
2102 954 2305 1033 caelo,

189 1056 429 1141 pedem
497 1057 564 1121 in
633 1062 814 1123 terra
882 1056 1084 1122 fixum
1150 1055 1254 1139 (ef.
1312 1057 1502 1140 Verg.
1563 1059 1722 1123 Aen.
1779 1056 1888 1125 IV.
1951 1060 2114 1139 173).
2207 1056 2305 1123 De

189 1154 458 1244 ἴθματα
502 1159 837 1242 vocabulo,
885 1159 1060 1244 quod
1106 1158 1309 1225 habet
1353 1181 1433 1225 ex
1476 1162 1537 1224 E
1578 1162 1786 1244 778.1)

365 1258 433 1329 αἱ
482 1260 557 1329 δὲ
598 1260 804 1351 βάτην
849 1259 1134 1354 τρήρωσι
1179 1260 1523 1329 πελειάσιν
1565 1256 1748 1346 ἰ’θμα
1792 1258 1865 1328 θ’
1912 1257 2133 1349 ὁμοῖαι

190 1371 258 1432 et
304 1367 495 1431 Hom.
541 1366 600 1430 h.
645 1370 713 1432 in
757 1368 884 1451 Ap.
913 1366 1076 1443 Del.
1128 1374 1249 1433 114

358 1466 482 1553 βὰν
526 1467 600 1536 δὲ
646 1468 811 1536 ποσὶ
856 1459 1146 1567 τρήρωσι
1197 1466 1545 1535 πελειάσιν
1586 1464 1839 1555 ἴθμαθ’
1889 1464 2133 1553 ὁμοῖαι,

186 1574 322 1637 iam
369 1572 712 1639 Scheerius
758 1593 821 1656 p.
876 1581 951 1640 12
998 1572 1198 1638 verba
1245 1572 1418 1638 fecit.
1451 1572 1838 1637 Addendum
1887 1578 2060 1638 esset
2100 1572 2299 1638 Calli-

191 1676 410 1741 machi
457 1676 643 1761 frgm.
689 1683 814 1744 468

319 1777 707 1859 Δωδεκάκις
752 1779 910 1866 περὶ
953 1775 1199 1865 τύμβον
1246 1777 1575 1870 ἐπήγαγεν
1620 1774 1886 1864 ἴθματα
1930 1775 2185 1868 δίφρου,

187 1883 245 1946 si
298 1888 490 1948 'recte
555 1876 819 1968 ἴθματα
892 1882 1294 1948 Boeckhium
1368 1883 1723 1948 coniecisse
1786 1888 2122 1948 constaret
2179 1904 2299 1966 pro

186 1976 484 2068 ῧθματα.

981 2141 1088 2207 Vl.
1141 2150 1240 2209 74.
1286 2133 1520 2207 ἄεθλα.

441 2250 701 2328 Ἦνθον
740 2254 1109 2340 Ἰτωνιάδος
1149 2286 1245 2328 νιν
1280 2253 1652 2340 Ἀθαναίας
1694 2255 1802 2325 ἔπ’
1848 2253 2066 2327 ι’ίεθλα

447 2358 814 2452 Ὀρμενίδαι
859 2361 1211 2452 καλέοντες.

362 2468 741 2532 Notandum
786 2475 887 2533 est
927 2467 1417 2549 Callimachum,
1463 2466 1644 2550 quod
1691 2466 1920 2534 addito
1967 2468 2300 2550 καλέοντες

188 2570 536 2654 participio
581 2569 927 2654 probabile
971 2570 1066 2650 fit,
1111 2569 1215 2636 hic
1246 2570 1564 2636 vocabulo
1609 2567 1689 2639 τὸ
1729 2562 1972 2638 ἄεθλον
2018 2573 2298 2640 voluisse

194 2673 553 2758 significari
600 2681 1023 2755 certamen,
1093 2694 1262 2756 quae
1311 2671 1703 2758 significatio
1748 2681 1968 2740 utrum
2013 2683 2301 2743 exstaret

189 2776 371 2861 apud
417 2777 772 2842 Homerum
821 2796 1021 2841 necne
1067 2782 1143 2839 ut
1186 2796 1362 2841 nunc
1414 2776 1513 2841 ita
1580 2778 1945 2861 antiquitus
2012 2779 2296 2865 ambige-

187 2880 426 2948 batur·
481 2878 562 2949 cf.
608 2879 832 2947 Lehrs.
873 2880 1163 2963 Arist.p.
1202 2886 1342 2960 151,
1385 2879 1718 2948 Ludwich.
1763 2882 1961 2949 Arist.
1992 2884 2044 2950 Ι.
2074 2904 2136 2966 p.
2169 2892 2291 2952 491

189 2990 260 3050 et
303 3004 495 3067 quem
546 2981 829 3047 afferunt
860 2982 1072 3100 Apoll.
1105 2982 1303 3067 Soph.
1343 2992 1438 3063 11,
1474 2991 1532 3050 9.
1622 2984 1971 3050 Praeterea
2014 2985 2211 3055 schol.
2241 2987 2295 3051 B

188 3085 277 3152 ad
300 3110 352 3175 φ
382 3095 498 3155 106
532 3083 610 3154 τὸ
640 3089 843 3176 γῆμαι
873 3078 994 3176 τὴν
1015 3084 1406 3175 Πηνελόπην
1429 3084 1779 3173 πρόκειται
1810 3086 2216 3180 νικητήριον·
2240 3087 2299 3156 εἰ

186 3185 309 3277 γὰρ
353 3182 465 3255 τὸν
521 3181 892 3276 ἇγωνισμόν
958 3183 1195 3274 ε’λεγεν,
1262 3181 1611 3278 αρσενικὸν
1678 3217 1755 3257 αν
1820 3186 1964 3280 ε’φη.
2054 3194 2297 3259 Contra

186 3291 391 3358 schol.
435 3293 494 3358 H
551 3291 639 3358 ad
688 3291 728 3357 δ
773 3299 927 3360 241:
994 3317 1029 3358 ο
1086 3281 1298 3372 αθλος
1351 3286 1707 3382 αρσενικῶς
1756 3292 1954 3379 μόνον
2008 3320 2044 3363 ο
2097 3289 2292 3382 ἅγιόν,

183 3392 266 3463 τὸ
311 3381 524 3463 αθλον
569 3378 644 3461 δὲ
681 3420 797 3460 και
839 3387 918 3462 τὸ
962 3391 1288 3462 επινίκιον
1330 3394 1442 3461 καὶ
1491 3421 1526 3462 ο
1571 3390 1761 3484 ἅγιόν.

862 3569 970 3634 VI.
1021 3574 1160 3635 102.
1203 3564 1631 3656 βούβρωστις.
1686 3568 1691 3574 ’

318 3692 458 3753 Νῦν
502 3686 577 3753 δὲ
622 3679 787 3754 κακὰ
830 3687 1239 3775 βούβρωστις
1282 3685 1349 3755 ἐν
1394 3685 1814 3775 ὀφθαλμοῖσι
1859 3689 2168 3780 κάθηται.

358 3791 501 3856 Ηοο
531 3791 600 3855 in
629 3812 818 3856 versu
847 3788 1251 3881 βούβρωστις
1288 3793 1676 3859 vocabulum
1710 3793 1790 3859 de
1821 3794 2293 3878 Erysichthone

187 3895 465 3961 dictum.
518 3893 676 3978 quid
751 3895 839 3960 sit
904 3896 1149 3960 nemini
1208 3896 1483 3962 dubium
1552 3917 1692 3963 esse
1759 3902 1998 3982 potest.
2110 3899 2294 3965 Hanc

188 3999 477 4083 glossam
523 4004 845 4064 noverunt
890 4020 970 4065 ex
1017 4000 1201 4066 Hom.
1249 4001 1312 4067 Ω
1356 4007 1479 4069 532

326 4171 368 4240 ¹)
405 4185 458 4225 v.
493 4168 533 4224 1.
567 4174 654 4226 est
688 4169 747 4224 in
785 4175 844 4224 N
870 4172 953 4227 71.
