2969 4832
1012 354 1437 421 ⁴...93...

105 457 106 482 Χ
170 518 348 603 Quod
396 530 625 591 autem
671 522 932 592 addidit
961 525 1377 592 Hermannus
1408 529 1542 610 (op.
1573 522 1656 607 11,
1699 547 1760 610 p.
1792 529 1944 610 284)
1975 525 2062 593 ad
2106 520 2278 593 hanc

99 719 100 726 ἵ
167 627 463 713 regulam
511 628 639 695 hoc
686 626 954 712 quidem
995 627 1140 694 loco
1183 649 1315 695 non
1361 628 1805 695 confirmatur.

1050 814 1103 883 Ι.
1149 823 1231 885 89
1278 837 1377 901 sq.

379 942 473 1011 Οἳ
521 943 597 1011 δὲ
641 942 725 1010 τὰ
768 942 890 1028 μὲν
934 944 1230 1027 πλειῶνι,
1276 942 1360 1012 τὰ
1407 941 1472 1011 δ’
1521 938 1632 1028 οὐχ
1678 941 1794 1026 ἔνι’,
1846 951 1979 1014 τῶν
2022 943 2087 1013 δ’
2133 940 2279 1013 ἀπὸ

1853 1047 2145 1133 πάμπαν

371 1143 579 1229 αὐτὸς
622 1141 781 1237 α’νην
823 1147 1193 1231 ἐκόλουσας,
1240 1149 1634 1231 ἑνέκλασσας
1677 1150 1752 1217 δὲ
1793 1149 2106 1242 μενοινήν.

324 1254 478 1319 Iam
511 1251 948 1319 Schneiderus
990 1274 1049 1318 a.
1089 1253 1149 1318 h.
1178 1256 1222 1319 l.
1254 1254 1600 1321 adnotavit
1629 1255 2016 1323 Callimachi
2063 1255 2278 1320 animo

155 1357 585 1424 obversatum
632 1376 773 1422 esse
831 1362 889 1421 Y
927 1363 1052 1424 370

324 1455 505 1525 ἀλλὰ
548 1457 636 1524 τὰ
675 1457 794 1541 μὲν
836 1456 1187 1538 τελέει,τό
1231 1457 1306 1525 δὲ
1351 1459 1459 1526 καὶ
1507 1460 1796 1548 μεσσηγὺ
1840 1459 2108 1528 κολούει.

153 1564 284 1631 Sed
331 1584 475 1628 non
522 1560 735 1627 solum
781 1561 1077 1627 imitatus
1123 1568 1225 1628 est
1252 1563 1627 1645 Homerum,
1672 1563 1786 1630 sed
1833 1565 2029 1630 etiam
2074 1565 2277 1630 inter-

151 1672 467 1750 pretatus
520 1664 623 1729 his
677 1664 1005 1742 versibus;
1061 1685 1209 1731 nam
1264 1667 1461 1733 verba
1507 1664 1898 1746 ἐνέκλασσας
1942 1664 2016 1732 δὲ
2060 1689 2276 1750 μενοι-

152 1768 264 1860 νήν
313 1768 508 1833 nullo
564 1767 694 1834 alio
740 1766 1013 1834 consilio
1070 1770 1319 1853 scripta
1371 1768 1530 1833 mihi
1578 1789 1718 1834 esse
1767 1768 2097 1849 videntur,
2150 1770 2277 1836 nisi

152 1880 224 1938 ut
294 1870 636 1955 explicent
704 1871 1120 1937 Homericum
1187 1871 1355 1936 illud
1425 1870 1706 1952 κολούει,
1775 1876 1852 1937 ut
1924 1872 2278 1957 explicavit

155 1977 368 2041 etiam
415 1973 624 2039 schol.
674 1974 938 2054 Townl„
985 1996 1129 2040 cum
1176 1974 1442 2058 scripsit
1493 1973 1744 2041 κολούει
1769 1996 1785 2012 ·
1815 1968 2039 2054 ἀτελὲς
2092 1978 2277 2041 ποιεῖ

152 2073 241 2157 ὥς
286 2074 377 2144 τὸ
424 2074 737 2157 ,,ἒνικλᾶν,
787 2071 930 2143 ὅττι
975 2075 1244 2167 νοήσω“.
1344 2081 1560 2161 Atque
1606 2077 1834 2143 eodem
1879 2078 2072 2144 modo
2117 2077 2278 2141 dicit

151 2179 385 2266 Apoll.
434 2179 643 2250 Rhod.
685 2180 799 2261 111,
847 2188 970 2249 306

424 2271 503 2373 ἦέ
545 2307 650 2362 τις
691 2276 815 2372 ᾶτη
862 2281 1217 2367 σωομένοις
1257 2281 1577 2373 μεσσηγὺς
1622 2279 1980 2362 ἐνέκλασενς

336 2383 467 2452 Sed
510 2385 705 2452 simul
751 2387 949 2454 etiam
1005 2386 1188 2453 aliud
1245 2386 1556 2453 discimus
1601 2407 1637 2454 e
1682 2385 2061 2455 Callimachi
2105 2385 2271 2451 loco.

155 2490 386 2557 Verba
452 2490 652 2570 enim,
722 2512 892 2575 quae
958 2490 1150 2557 affert
1213 2490 1412 2556 schol.
1480 2491 1719 2559 Townl.
1785 2488 2070 2567 ἐνικλᾶν,
2132 2483 2274 2555 ὅττι

147 2591 399 2686 νοήσω,
448 2593 627 2677 apud
657 2594 1034 2673 Homerum,
1080 2593 1334 2678 qualem
1367 2614 1541 2658 nunc
1570 2593 1904 2672 habemus,
1951 2612 2271 2674 nusquam

143 2699 496 2782 leguntur,
552 2695 945 2781 legebantur
997 2704 1219 2763 autem
1276 2697 1431 2762 olim
1475 2697 1543 2761 in
1598 2698 1656 2762 Θ
1697 2703 1845 2775 408,
1891 2696 2002 2777 qui
2049 2715 2273 2760 versus

146 2820 338 2865 nunc
384 2805 489 2865 est

390 2898 518 2969 αἶεὶ
562 2898 682 2991 γάρ
723 2926 839 2986 μοι
882 2897 1094 2969 ἔωθεν
1136 2899 1403 2983 ἐνικλᾶν,
1450 2898 1593 2969 ὅττι
1638 2925 1709 2968 κε
1753 2897 1940 2968 εἴπω.

147 3009 382 3089 Atque
450 3004 652 3071 schol.
707 3009 763 3071 A
831 3006 1065 3072 habet:
1133 3000 1336 3084 οὕτως
1395 3004 1471 3072 δὲ
1535 3003 1884 3092 γραπτέον,
1962 2998 2102 3072 ὅττι
2166 3026 2273 3070 κεν

146 3104 360 3188 εἴπω,
418 3098 552 3174 οἷον
608 3107 1109 3192 κατακάμπτειν
1150 3107 1262 3174 καὶ
1306 3101 1399 3199 μὴ
1446 3106 1561 3174 ἐᾶν
1603 3101 1688 3173 τὰ
1732 3103 1853 3173 ὑπ’
1901 3104 2056 3193 ἐμοῦ
2098 3102 2273 3195 εἰρη-

143 3210 330 3296 μένα
355 3232 370 3247 ·
394 3210 504 3278 καὶ
551 3210 758 3278 πάλιν
804 3206 954 3301 ἑξῆς
1000 3208 1067 3277 ἐν
1112 3201 1209 3290 οἷς
1252 3206 1293 3301 ἡ
1335 3204 1487 3297 Ἰρίς
1528 3233 1747 3297 φησιν,
1792 3206 1932 3278 ὅττι
1977 3233 2084 3277 κεν
2114 3204 2272 3299 εἴπῃ

145 3309 486 3403 γράφεται
544 3316 628 3398 (v,
673 3316 830 3400 422)
889 3318 957 3380 et
999 3335 1227 3379 rursus
1280 3307 1695 3402 Ἀρίσταρχος
1748 3308 1887 3379 ὅττι
1933 3336 2039 3379 κεν
2082 3308 2272 3379 εἴπω.

142 3417 299 3482 Iam
346 3408 421 3482 si*
451 3416 613 3484 Call.
666 3416 867 3483 habet
920 3414 1313 3497 ἐνέκλασσας
1358 3415 1432 3483 δὲ
1474 3413 1806 3506 μενοινήν,
1862 3415 2014 3482 inde
2059 3415 2275 3481 elucet

143 3519 355 3585 illum
399 3518 641 3603 legisse
696 3519 875 3605 apud
919 3519 1277 3587 Homerum
1327 3517 1587 3597 ,ἐνικλᾶν
1631 3512 1774 3586 ὅττι
1817 3518 2048 3608 νοήσω,
2096 3518 2273 3602 quod

147 3641 282 3687 suo
340 3621 536 3687 modo
590 3623 886 3688 imitatus
952 3627 1141 3689 esset.
1243 3627 1460 3711 Atque
1513 3621 1792 3688 fortasse
1846 3620 1954 3686 hic
2009 3641 2270 3705 quoque

148 3723 323 3793 Call.
390 3726 641 3809 recepit
705 3726 1096 3810 scripturam
1169 3725 1512 3792 Zenodoti.
1532 3728 1581 3808 1)
1697 3723 1990 3790 Eandem
2050 3730 2270 3790 autem

148 3827 565 3912 scripturam
624 3829 821 3894 etiam
864 3829 1283 3894 Eustathium
1339 3834 1492 3894 ante
1538 3827 1759 3893 oculos
1802 3826 2111 3893 habuisse
2157 3827 2268 3893 de-

148 3936 556 4010 monstrant,
619 3952 787 4014 quae
856 3930 1020 3995 dicit
1071 3952 1130 3998 a.
1184 3931 1244 3996 h.
1298 3953 1351 3995 v.
1398 3937 1542 4012 720,
1591 3937 1670 3998 39
1736 3926 1817 3996 τὸ
1880 3928 1955 3996 δὲ
2020 3928 2270 3996 ἐνικλᾶν

301 4150 773 4224 ῡαωμπ
