2969 4832
1525 346 1950 411 ...64—

693 513 1039 601 λεγνωτοῖς
1083 516 1188 599 (cf.
1234 538 1288 581 v.
1340 516 1462 601 11).
1566 514 1802 599 Itaque
1848 537 1928 580 ne
1974 507 2297 581 ἀσύλωτοι
2341 514 2602 599 quidem
2653 512 2810 581 call.

689 618 970 702 scripsit,
1034 617 1413 703 frustraque
1461 619 1661 685 etiam
1705 618 2037 682 Aulinus
2085 617 2125 683 l.
2172 617 2214 683 1.
2264 640 2325 702 p.
2376 623 2475 700 39,
2522 618 2684 686 adn:
2730 625 2808 684 78

689 721 1040 788 defendere
1084 722 1338 798 studet;
1388 724 1444 788 si
1474 728 1697 788 autem
1742 721 2112 805 scripsisset
2153 715 2470 788 ἆτύλωτοι
2499 721 2810 806 (callosi),

688 824 866 909 quod
895 828 1240 909 proposuit
1283 826 1439 891 Tou
1457 826 1665 909 pius,
1721 824 1987 908 ineptus
2032 823 2266 891 fuisset
2292 826 2539 908 reique
2583 824 2811 890 metri·

692 949 810 993 cae
855 928 1153 1012 ignarus3
1199 949 1410 1012 neque
1443 934 1545 993 est
1575 927 1754 1011 quod
1785 926 1953 992 hanc
1996 930 2440 994 coniecturam
2484 926 2810 1005 refellam,

688 1030 934 1096 refellit
984 1033 1154 1097 enim
1211 1033 1343 1098 iam
1397 1031 1729 1116 Hauptius
1786 1031 1854 1095 in
1910 1030 2233 1097 emendat.
2288 1030 2544 1099 Gallim.
2592 1030 2811 1096 Berol.

695 1140 877 1214 1858,
934 1155 996 1217 p.
1045 1142 1101 1203 6.
1220 1133 1403 1200 Idem
1469 1136 1672 1199 etiam
1749 1153 2064 1201 conamen
2133 1133 2628 1215 Blomfieldi,
2701 1133 2813 1216 qui

690 1231 1045 1302 ἆτύλλωτοι
1078 1240 1272 1303 vertit
1313 1235 1535 1303 callosi
1566 1260 1609 1301 α
1639 1236 1958 1301 intensive
2004 1243 2262 1321 sumpto
2307 1235 2601 1302 funditus
2630 1257 2813 1303 ever·

691 1339 793 1419 tit,
862 1360 1011 1405 cum
1080 1339 1244 1405 dixit
1309 1342 1447 1405 veri
1513 1339 1789 1405 similius
1858 1360 2000 1405 esse
2068 1338 2454 1405 Blomfieldii
2522 1346 2814 1407 mentem

691 1463 887 1526 quam
934 1443 1257 1526 virginum
1301 1442 1879 1511 Callimachiarum
1924 1443 2229 1509 humeros
2276 1444 2659 1513 occaluisse.

860 1544 1002 1612 Iam
1056 1546 1464 1630 reliquorum
1531 1547 1874 1612 conamina
1916 1548 1981 1611 in
2028 1545 2191 1611 duas
2259 1554 2540 1629 possunt
2608 1547 2813 1613 dividi

690 1654 939 1731 partes3
986 1654 1187 1733 atque
1218 1648 1299 1715 ab
1333 1649 1544 1715 altera
1574 1654 1765 1734 parte
1796 1652 1978 1714 stant
2022 1651 2437 1715 coniecturae
2484 1650 2815 1716 Ernesti

689 1747 998 1840 ἆσύλητοι
1055 1751 1541 1835 (inviolabiles),
1601 1752 1712 1818 Un
1732 1752 1904 1836 geri
1948 1745 2308 1841 ἇθήλυντοι
2362 1756 2514 1833 (non
2564 1752 2815 1819 effemi-

692 1857 870 1938 nati),
919 1855 1386 1922 Schneideri
1429 1849 1806 1922 ἆσαύλωτοι
1849 1856 2011 1941 (non
2056 1855 2374 1938 emolliti).
2463 1857 2645 1922 Haec
2692 1877 2814 1921 au-

690 1963 826 2023 tem
879 1961 1223 2025 conamina
1267 1960 1367 2026 vel
1413 1958 1585 2024 hanc
1625 1963 1899 2042 propter
1957 1979 2225 2025 causam
2277 1958 2538 2024 inutilia
2582 1960 2813 2025 viden-

698 2065 835 2141 tur,
928 2063 1104 2144 quod
1196 2083 1325 2128 non
1415 2067 1722 2146 spectant
1809 2059 2139 2140 habitum,
2231 2063 2545 2128 vestitum
2630 2084 2815 2147 nym-

695 2162 1007 2248 pharum,
1064 2165 1145 2230 de
1200 2186 1328 2250 quo
1385 2185 1603 2231 sermo
1662 2169 1764 2229 est
1819 2170 1886 2229 et
1941 2163 2006 2230 in
2063 2164 2601 2231 antecedentibus
2647 2159 2815 2253 ἄμφ’

694 2257 938 2352 ὤμοισι
1005 2267 1332 2357 φαρέτρας
1399 2264 1692 2346 ἰοδόκους
1757 2263 2085 2355 ε’φόρησαν
2151 2275 2218 2333 et
2269 2269 2336 2334 in
2384 2270 2816 2352 sequentibus

695 2368 806 2436 καὶ
849 2366 1083 2457 γυμνὸς
1128 2366 1232 2439 ἀεὶ
1278 2368 1728 2460 παρεφαίνετο
1779 2368 2022 2455 μαζός,·
2082 2379 2431 2456 praeterea
2473 2372 2599 2438 hae
2648 2375 2815 2439 παῖ-

695 2475 805 2553 ὁες
848 2465 1132 2562 ἅμιτροι,
1182 2497 1350 2561 quae
1384 2475 1702 2560 Cyclopas
1733 2476 1966 2542 timent
2009 2496 2311 2560 quaeque
2355 2478 2817 2544 venustissime

696 2577 959 2658 saltant,
988 2600 1132 2662 ,non
1177 2585 1315 2646 tam
1359 2582 1669 2646 robustae
1715 2578 2063 2664 fingendae
2110 2586 2263 2645 sunt
2293 2600 2493 2664 quam
2523 2586 2815 2646 tenerae.

696 2681 1205 2748 Verisimiliores
1243 2683 1447 2768 igitur
1484 2689 1638 2748 sunt
1678 2703 1791 2749 eae
1823 2684 2255 2763 coniecturae,
2301 2704 2469 2767 quae
2514 2688 2820 2768 spectant

698 2784 970 2850 modum
1013 2789 1209 2851 vestis
1253 2785 1543 2852 indutae.
1658 2788 1874 2871 Atque
1920 2785 2143 2869 Haup
2160 2788 2316 2851 tius
2372 2786 2638 2870 quidem
2684 2784 2731 2855 l.
2775 2786 2817 2851 l.

696 2891 1037 2972 proposuit
1089 2881 1481 2970 ἆσύζωστοι,
1539 2909 1738 2972 quam
1784 2889 2231 2956 coniecturam
2285 2888 2648 2955 Meinekius
2696 2910 2817 2955 suo

697 2993 837 3056 iure
878 2992 1240 3077 improbat,
1296 2992 1455 3074 quia
1511 2994 1828 3057 desiderat
1882 2995 2238 3075 eoeemplum
2283 3014 2402 3077 quo
2452 2988 2819 3077 συζώννυμι

688 3116 812 3179 pro
862 3092 1138 3179 ζώννυμι
1182 3100 1251 3159 in
1297 3096 1417 3159 tali
1471 3098 1599 3161 loco
1646 3098 1854 3180 qualis
1898 3098 1996 3160 hic
2042 3104 2131 3159 est
2176 3104 2340 3160 recte
2396 3097 2523 3160 dici
2566 3098 2818 3161 intelli-

698 3207 907 3283 9atur.
994 3200 1226 3283 Aptius
1271 3205 1494 3264 autem
1536 3198 1929 3284 Bergkius
1977 3201 2313 3264 arcessivit
2340 3197 2613 3265 verbum
2651 3196 2818 3280 ζών-

699 3326 923 3384 νυμαι,
980 3321 1132 3368 cum
1186 3301 1451 3386 scripsit
1508 3296 1853 3383 ἐΰζωστοις
1908 3303 2198 3366 humeros
2254 3303 2579 3384 eoepeditos
2627 3311 2820 3384 poeta

705 3406 878 3469 dioeit
920 3406 1224 3470 vocabulo
1273 3401 1603 3486 ἑῢζωστος
1633 3427 1757 3469 non
1781 3408 2043 3489 proprie
2075 3424 2261 3484 usus;
2306 3409 2506 3488 atque
2538 3404 2820 3471 eandem

702 3511 1092 3575 sententiam
1138 3507 1373 3574 elicere
1419 3508 1624 3573 voluit
1667 3507 2142 3588 Meinekius‚
2193 3509 2304 3592 qui
2336 3508 2616 3573 coniecit
2644 3500 2821 3573 ἀκώ·

700 3611 878 3678 λυτοι
923 3618 1040 3676 aut
1085 3605 1389 3678 ἀείλυτοι.

874 3713 1004 3780 Sed
1069 3714 1360 3782 faciliore
1426 3715 1786 3781 mutatione
1863 3718 2022 3799 puto
2077 3735 2182 3780 me
2235 3715 2453 3781 locum
2523 3734 2822 3796 sanasse,

701 3819 800 3884 ita
827 3823 921 3898 ut,
968 3818 1142 3902 quod
1174 3816 1612 3884 Schneiderus
1644 3816 1725 3882 de
1757 3837 1877 3882 sua
1908 3818 2285 3883 coniectura
2332 3815 2587 3897 dixerit,
2632 3838 2821 3883 meae

704 3943 878 3987 nunc
906 3921 1245 4004 vindicem,
1295 3921 1550 3987 scilicet
1593 3918 1915 3986 facilitate
1962 3920 2229 4004 quidem
2259 3919 2559 3986 mutandi
2590 3940 2820 4003 quem·

705 4027 798 4091 vis
843 4024 1174 4091 dicturum
1230 4027 1530 4089 nostrum
1586 4024 1921 4091 inventum
1964 4030 2306 4109 praestare
2352 4025 2608 4092 ceteris.
2699 4026 2818 4089 At·

706 4147 835 4214 que
902 4128 1036 4195 iam
1097 4127 1376 4195 vidimus
1441 4127 1997 4212 praepositionem
2067 4123 2182 4193 σύν
2246 4129 2313 4192 in
2377 4125 2502 4193 hoc
2566 4146 2819 4194 conexu
