2969 4832
1493 271 1922 336 ..26-

644 436 973 519 tradunt,
1015 437 1131 503 lib.
1199 434 1447 525 νεβρός)
1515 433 1762 526 ἔλαφος
1795 460 1809 474 ·
1841 437 2015 520 τινὲς
2069 439 2144 506 δὲ
2200 435 2455 528 ὃορκάς.
2550 440 2780 525 Apoll.

647 541 844 624 Soph.
891 563 952 625 p.
1000 548 1102 619 9¹7,
1151 547 1230 608 33
1278 538 1520 625 κεμάς·
1547 536 1610 607 οἳ
1653 539 1775 625 μὲν
1820 538 2064 632 ἐλάφου
2109 541 2321 630 γένος,
2382 539 2444 610 οἳ
2491 542 2565 611 δὲ
2612 544 2775 630 δορ-

646 639 863 723 κάδος.
930 643 1118 710 Adde
1151 643 1453 709 Eustath.
1488 666 1553 728 p.
1587 649 1733 726 811,
1766 651 1847 712 57
1880 650 1949 710 et
1980 654 2121 727 711,
2157 654 2258 728 30,
2302 647 2514 732 Etym.
2548 648 2777 732 Magn.

644 745 687 811 l.
735 746 796 827 1.,
841 746 1056 831 Etym.
1105 747 1274 814 Gud.
1322 754 1464 829 314,
1516 755 1612 815 17.
1703 748 1904 831 Atqui
1952 769 2098 814 cum
2153 749 2377 834 paullo
2435 756 2591 816 ante
2643 751 2776 815 has

645 844 934 933 κεμάὸας
1000 850 1162 917 Call.
1234 850 1673 916 nominaverit
1739 851 1825 934 (v,
1877 853 2029 936 100)
2097 848 2395 940 ἐλάφους,
2466 854 2776 937 arguitur

644 973 870 1017 eorum
895 954 1288 1019 sententiam
1316 954 1652 1039 probasse,
1679 954 1792 1037 qui
1820 953 2437 1040 interpretabantur
2467 978 2701 1022 cerva
2719 979 2772 1039 S,

642 1076 773 1121 non
818 1076 1114 1140 capreas.
1137 1061 1186 1141 l)

1421 1244 1539 1311 ΠΙ.
1592 1252 1731 1313 133.
1776 1241 1994 1334 τρώει.

865 1357 1038 1432 Οὐδὲ
1083 1363 1474 1463 διχοστασίῃ
1519 1362 1716 1454 τρώει
1760 1363 1957 1452 γένος,
2002 1358 2119 1456 ἥτε
2160 1363 2271 1432 καὶ
2317 1353 2386 1432 εὗ
2430 1389 2560 1453 περ

860 1464 1070 1548 οἴκους
1115 1464 1446 1557 ἑστηῶτας
1491 1466 1775 1536 ἐσίνατο.

802 1573 984 1652 Quae
1016 1593 1165 1638 cum
1197 1572 1518 1639 scriberet
1550 1571 1733 1656 Call„
1764 1573 1833 1637 ni
1864 1571 2061 1638 fallor
2090 1577 2241 1639 ante
2270 1572 2496 1639 oculos
2526 1573 2771 1639 habuit

638 1701 690 1765 φ
736 1683 858 1745 293

899 1772 1071 1859 οἶνός
1119 1798 1193 1845 σε
1237 1775 1434 1868 τρώει
1477 1776 1814 1871 μελιηδής,
1862 1774 1934 1858 ὅς
1977 1802 2049 1845 τε
2094 1777 2206 1845 καὶ
2249 1770 2480 1859 ἄλλους

895 1881 1200 1969 βλάπτει.

637 2006 787 2052 nam
846 1987 1024 2053 vides
1082 1985 1260 2070 apud
1321 1988 1673 2070 utrumque
1730 1984 2073 2052 enuntiata
2138 2006 2283 2052 esse
2350 1987 2500 2071 pari
2560 1987 2763 2053 modo

641 2086 923 2156 formata
939 2141 954 2171 ‚
1023 2110 1171 2156 cum
1232 2091 1514 2175 primum
1573 2085 1773 2176 τρώει
1824 2087 2151 2155 referatur
2207 2089 2293 2154 ad
2359 2090 2764 2175 singularem

642 2212 890 2274 casum,
961 2199 1103 2259 tum
1146 2214 1265 2277 per
1308 2212 1671 2277 pronomen
1715 2192 2063 2258 relativum
2110 2196 2178 2258 et
2220 2190 2295 2259 τὲ
2337 2189 2456 2258 καί
2515 2215 2762 2278 propa-

641 2303 831 2381 getur
896 2298 965 2362 in
1031 2297 1423 2363 universum.
1527 2299 1744 2380 Atque
1810 2297 1880 2361 in
1934 2297 2157 2381 priore
2204 2296 2539 2363 enuntiato
2589 2297 2758 2363 Call.

640 2400 848 2467 voluit
921 2400 1347 2485 interpretari
1414 2399 1839 2467 Homericum
1914 2391 2086 2481 οἶνός
2153 2420 2227 2467 σε
2291 2397 2512 2488 τρώει,
2590 2422 2765 2486 quae

639 2504 882 2571 locutio
929 2526 1100 2570 nunc
1157 2504 1425 2589 quidem
1493 2503 1577 2569 ab
1623 2504 1771 2570 aliis
1839 2504 1969 2569 alio
2039 2503 2233 2569 modo
2302 2503 2689 2587 explicatur.
2709 2509 2763 2587 2)

641 2608 726 2675 cf.
774 2608 976 2674 etiam
1032 2607 1233 2675 schol.
1288 2608 1398 2673 BL
1445 2607 1533 2673 ad
1579 2612 1670 2673 M
1710 2616 1807 2676 66.
1860 2604 2247 2695 τρώσεσθαι
2274 2628 2289 2644 ·
2316 2601 2565 2674 ἐλάττω
2622 2606 2761 2699 θή-

643 2717 891 2779 σεσθαι
936 2710 1048 2779 καὶ
1091 2707 1599 2804 τραπήσεσθαι.
1669 2704 1894 2791 ’Ίωνες
1939 2707 2059 2798 γὰρ
2101 2709 2223 2791 τὰς
2274 2702 2538 2799 τροπὰς
2586 2709 2764 2797 τρώ-

637 2839 820 2900 ματα
863 2817 1130 2882 καλοῦσι
1156 2836 1171 2852 ·
1197 2812 1308 2880 καὶ
1354 2805 1574 2897 ,,οἶνός
1603 2836 1677 2880 σε
1704 2811 1939 2902 τρώει“
1986 2808 2132 2881 ἀντὶ
2161 2818 2277 2881 τοῦ
2308 2814 2766 2903 παρατρέπεις

639 2918 843 2985 schol.
893 2920 1133 2987 Genav.
1177 2918 1210 2983 I
1255 2922 1323 2984 et
1364 2916 1431 2982 ΙΙ
1459 2938 1519 2982 a.
1551 2917 1612 2983 h.
1645 2940 1733 2995 V.;
1780 2916 2080 2983 Eustath.
2129 2916 2217 2982 ad
2276 2920 2493 2986 Ψ340
2538 2920 2760 3003 (1204,

638 3025 771 3108 45).
819 3059 896 3070 -
947 3023 1152 3107 Atqui
1198 3042 1345 3087 cum
1401 3017 1790 3109 διχοστασίῃ
1833 3015 2030 3108 τρώει
2097 3017 2282 3107 γένος
2345 3020 2509 3086 nihil
2572 3022 2761 3087 aliud

639 3125 1007 3211 significare
1053 3129 1281 3212 posset
1322 3123 1451 3190 nisi
1497 3124 1889 3190 discordiam
1935 3129 2197 3208 gentem
2239 3124 2518 3207 perdere
2562 3125 2760 3209 eique

636 3250 899 3311 nocere,
972 3230 1145 3295 hanc
1217 3226 1761 3312 significationem
1828 3226 2265 3294 Callimachus
2342 3226 2544 3293 etiam
2609 3229 2759 3295 loco

636 3334 987 3401 Homerico
1031 3332 1401 3400 vindicavit.

794 3437 873 3503 In
904 3437 1276 3521 posteriore
1308 3440 1532 3501 autem
1563 3437 1899 3501 enuntiato
1932 3454 2053 3518 pro
2086 3433 2436 3501 Homerico
2466 3431 2760 3520 βλάπτει

634 3540 976 3627 praetulit,
1056 3539 1231 3624 quod
1279 3539 1647 3624 elegantius
1693 3538 2058 3619 videbatur,
2134 3531 2431 3620 ἕσίνατο,
2505 3558 2756 3605 memor

777 3734 822 3801 ¹)
858 3730 1104 3785 Dianam
1140 3733 1330 3785 autem
1367 3728 1521 3799 apud
1545 3727 1907 3799 Apollonium
1946 3741 2168 3797 quoque
2190 3725 2477 3782 Rhodium
2508 3725 2627 3781 III.
2651 3727 2757 3784 879

635 3834 805 3875 curru
856 3815 983 3873 vehi
1037 3831 1072 3870 a
1124 3812 1423 3885 κεμάδεσσι
1474 3818 1659 3870 tractu
1704 3817 1895 3869 monet
1948 3829 2038 3868 me
2088 3812 2383 3869 Kaibelius
2429 3817 2756 3886 praeceptor

636 3902 1094 3959 humanissimus.

774 3993 822 4057 2)
859 3987 928 4043 cf.
964 3988 1174 4043 Ameis.
1208 3992 1266 4043 et
1300 3987 1678 4043 Autenrieth.:
1725 3985 2008 4054 stimulat,
2041 3983 2208 4040 sticht
2219 4025 2235 4055 ,
2270 3985 2481 4069 Papius
2493 4025 2509 4055 ,
2553 3984 2752 4042 Seiler-

632 4074 873 4148 Ebeling
904 4074 1139 4145 schadet,
1175 4072 1396 4130 bethim.
