2969 4832
1508 350 1933 411 -76-

840 517 1061 599 Atque
1107 515 1230 580 hac
1276 515 1541 598 quidem
1584 514 1651 577 in
1698 535 1796 594 re,
1865 534 2010 578 cum
2059 513 2222 578 alias
2278 514 2343 577 in
2402 535 2478 578 eo
2535 514 2777 597 capite,

661 618 840 702 quod
872 617 1111 684 Strabo
1142 617 1282 685 VH.
1332 626 1387 698 3,
1436 626 1473 685 6
1524 640 1604 684 ex
1634 616 1845 683 altero
1877 616 2045 682 libro
2077 616 2236 704 περὶ
2264 619 2420 683 νεῶν
2450 615 2773 693 exhibuit,

661 721 1160 787 Eratosthenem
1180 725 1230 803 1)
1276 721 1663 805 plerumque
1729 725 1992 787 secutus
2049 721 2163 801 sit,
2236 720 2488 785 recedit
2543 719 2626 785 ab
2696 740 2777 784 eo

660 823 1131 908 Apollodorus;
1199 845 1349 889 nam
1398 823 1534 900 hic,
1594 828 1670 888 ut
1713 823 2018 904 vidimus,
2082 822 2555 889 Callimachum
2576 828 2629 907 ²)
2675 843 2780 887 se-

660 934 851 993 cutus
920 929 1182 1010 agnovit
1248 928 1722 1013 explicationes
1789 924 2092 1006 τοπικάς.
2207 926 2513 992 Ceterum
2581 924 2781 991 Calli-

657 1030 927 1096 machus
973 1051 1238 1115 quoque
1278 1030 1542 1096 videtur
1574 1028 1881 1118 Χείρωνα
1926 1026 2373 1116 Πελεθρόνιον
2418 1027 2784 1111 explicasse

657 1134 724 1198 in
770 1132 1193 1200 Pelethronio
1253 1141 1474 1199 monte
1537 1133 1971 1214 habitantem,
2041 1155 2186 1199 cum
2251 1132 2499 1197 diceret
2558 1130 2619 1196 h.
2664 1130 2781 1196 IV.

667 1244 821 1304 104:
867 1240 1064 1325 φεῦγε
1096 1287 1110 1301 .
1146 1288 1159 1302 .
1193 1288 1206 1302 .

873 1338 984 1405 καὶ
1027 1337 1273 1427 μεγάλη
1318 1337 1604 1426 Λάρισα
1647 1338 1758 1406 καὶ
1803 1336 1874 1405 αἶ
1922 1335 2316 1423 Χειρωνίδες
2358 1327 2572 1425 α’κραι.

660 1442 742 1510 cf.
788 1442 993 1508 schol.
1040 1464 1099 1506 a.
1145 1443 1207 1509 h.
1255 1465 1339 1508 va
1406 1437 1484 1508 τὸ
1529 1440 1802 1534 Πήλιον,
1847 1436 1998 1529 ὅρος
2041 1445 2162 1532 τῆς
2213 1435 2613 1519 Θεσσαλίας,
2661 1432 2786 1505 διὰ

660 1537 738 1611 τὸ
783 1537 909 1640 ἱτὸν
955 1542 1262 1632 Χείρωνα
1319 1542 1449 1610 ἐκεῖ
1508 1540 1788 1635 οἰκῆσαι.
1880 1545 2086 1625 Quod¹
2141 1545 2196 1609 si
2265 1542 2427 1607 haec
2494 1542 2784 1625 suspicio

661 1668 818 1713 vera
863 1653 981 1729 est,
1026 1647 1453 1713 confirmatur
1498 1648 1587 1728 id,
1633 1646 1809 1731 quod
1858 1648 2240 1714 coniectura
2285 1645 2520 1728 collegi
2565 1667 2627 1728 p.
2673 1653 2784 1713 70.

832 1750 959 1817 Sed
1005 1756 1230 1830 restat,
1294 1755 1374 1814 ut
1436 1750 1639 1816 verba
1708 1750 1944 1816 faciam
2013 1751 2094 1815 de
2163 1749 2377 1815 verbis
2433 1746 2786 1813 Strabonis

664 1852 800 1919 καὶ
847 1850 1120 1943 Δήμου
1167 1851 1250 1919 ἐν
1292 1846 1585 1943 Ἰθάκῃ,
1635 1875 1805 1937 quae
1852 1855 2010 1937 quia
2053 1874 2184 1918 non
2230 1851 2583 1916 concinunt
2628 1872 2787 1915 cum

672 1957 773 2036 iis,
828 1976 997 2041 quae
1041 1955 1483 2040 Apollodorus
1529 1956 1955 2040 reprehendit
2000 1957 2081 2022 de
2127 1953 2402 2023 Gerenis
2444 1954 2785 2032 Acacesio‚

658 2058 1071 2125 Pelethronio
1127 2059 1519 2142 Glaucopio,
1588 2061 1807 2126 adhuc
1861 2061 2080 2138 omisi;
2149 2063 2392 2128 etenim
2459 2062 2567 2128 hic
2639 2086 2780 2131 non

661 2164 996 2246 vituperat
1049 2183 1406 2245 cognomen
1461 2163 1729 2247 aliquod
1793 2169 2092 2245 τοπικῶς
2158 2166 2587 2248 explicatum,
2658 2168 2786 2233 sed

662 2286 794 2346 eos,
842 2267 955 2349 qui
999 2288 1055 2330 v,
1104 2271 1165 2331 Γ
1201 2273 1321 2334 201
1374 2255 1449 2346 ὃς
1492 2266 1706 2355 τράφη
1767 2264 1834 2332 ἐν
1901 2263 2088 2359 δήμῳ
2152 2262 2423 2357 Ἰθάκης
2488 2276 2787 2361 κραναῆς

661 2392 790 2457 περ
838 2365 1068 2458 ἐούσης
1113 2369 1498 2436 statuebant
1553 2370 1921 2455 oppidum
1968 2376 2230 2462 Δῆμοςς
2279 2371 2360 2440 cf.
2394 2372 2598 2441 schol.
2629 2374 2785 2440 AD:

659 2471 770 2537 καὶ
814 2470 1024 2552 τόπος
1068 2472 1142 2540 δέ
1184 2472 1363 2539 ἐστιν
1405 2471 1473 2538 ἐν
1514 2467 1742 2563 Ἰθάκῃ
1790 2479 2017 2565 Δῆμος
2087 2473 2499 2560 καλούμενος,
2571 2478 2785 2545 schol.

659 2576 902 2642 GenaV.
948 2576 1006 2659 Ι,
1075 2576 1296 2661 Steph.
1351 2576 1504 2661 Byz.
1552 2598 1602 2643 s,
1652 2599 1701 2641 v.
1751 2582 1999 2669 Δῆμος.
2089 2579 2256 2644 Puto
2313 2585 2535 2646 autem
2591 2580 2787 2648 Stra-

658 2677 852 2744 bonis
898 2681 1306 2763 neglegentia
1349 2679 1516 2745 haec
1547 2680 1745 2745 verba
1789 2680 2027 2745 falsum
2072 2682 2385 2747 inlocum
2426 2683 2787 2769 irrepsisse

657 2784 833 2849 inter
871 2780 1268 2870 Ἀκακησίου
1315 2789 1380 2848 et
1426 2779 1887 2869 Πελεθρονίου.

1320 2954 1434 3021 ΠΙ.
1486 2961 1624 3022 167.
1670 2950 2103 3041 θυμάρμενον.

873 3067 981 3139 Ἐν
1025 3073 1136 3139 καὶ
1178 3071 1482 3162 χρυσείας
1524 3068 1928 3161 ὖποληνίὸας
1974 3072 2349 3167 ἕπλήσαντο

874 3173 1131 3257 ὓδατος,
1178 3170 1323 3265 ὄφρ’
1372 3175 1684 3266 ἐλάφοισι
1729 3171 1936 3244 ποτὸν
1980 3178 2399 3265 θυμάρμενον
2441 3175 2560 3266 εἴη.

834 3282 1289 3349 Controversia
1345 3286 1491 3347 erat
1536 3282 1707 3346 inter
1758 3282 2063 3365 antiquos
2118 3283 2582 3366 grammaticos
2631 3292 2790 3352 orta

658 3385 742 3450 de
776 3385 1027 3468 origine
1056 3384 1232 3449 vocis
1263 3382 1589 3474 θυμαρής,
1639 3405 1808 3467 quae
1852 3384 2032 3469 apud
2062 3385 2416 3450 Homerum
2463 3391 2505 3451 I
2543 3394 2670 3455 336
2716 3395 2790 3454 et

659 3499 720 3574 ψ
766 3495 891 3556 232
936 3488 1210 3571 legitur:
1266 3481 1396 3570 ἔχει
1443 3481 1503 3553 δ’
1548 3479 1780 3570 ἄλοχον
1823 3488 2132 3576 θυμαρέα
2181 3489 2281 3554 vel
2337 3484 2496 3570 ἔχων
2540 3482 2789 3573 ἄλοχον

656 3588 968 3678 θυμαρέα
1014 3596 1081 3655 et
1125 3616 1161 3677 ρ
1198 3599 1337 3659 199.

865 3686 1156 3779 Εὔμαιος
1200 3686 1259 3759 δ’
1308 3685 1432 3780 άρα
1475 3690 1539 3759 οἶ
1584 3698 1921 3786 σκῆπτρον
1966 3695 2267 3783 θυμαρὲς
2310 3690 2570 3762 ἔδωκεν.

657 3797 914 3863 Alteri
961 3798 1135 3863 enim
1181 3798 1649 3864 existimabant
1687 3798 2073 3864 vocabulum
2118 3805 2335 3864 ortum
2381 3819 2525 3864 esse
2571 3820 2607 3865 e
2637 3805 2781 3866 θυ-

657 3899 785 3985 μός
829 3907 896 3966 et
949 3893 1041 3988 ὄρ
1060 3927 1140 3983 ω,
1209 3922 1250 3967 a
1305 3902 1544 3986 quibus
1591 3903 1779 3968 stetit
1824 3902 2270 3982 HerodianuS‚
2340 3900 2422 3968 cf.
2472 3901 2675 3968 schol.
2724 3911 2782 3969 A

799 4062 846 4125 ²)
881 4056 951 4112 cf.
986 4056 1182 4112 Kram.
1218 4073 1271 4126 p.
1309 4059 1393 4124 19,
1426 4057 1462 4110 4
1496 4061 1554 4111 et
1587 4057 1672 4124 21,
1706 4057 1757 4110 2.

796 4145 839 4214 ¹⁸)
876 4142 946 4198 cf.
983 4141 1306 4217 praesertim
1339 4141 1433 4197 hh.
1470 4142 1575 4198 IV.
1611 4143 1716 4199 268
1749 4148 1807 4198 et
1841 4142 1887 4197 Ι.
1925 4143 1961 4196 4
1993 4147 2054 4197 et
2087 4143 2121 4197 6
2157 4158 2238 4213 sq.
