2969 4832
1580 325 2007 393 ..ι-66...

739 483 887 578 λάς,
957 494 1104 562 aliis
1166 495 1534 578 vocabulis,
1593 502 1671 562 ut
1724 518 1765 562 a
1833 498 2037 583 stirpe
2104 493 2338 563 πεδιλ-
2406 483 2850 578 ἆπεὸίλωτος,

739 621 938 685 quam
983 598 1258 667 formam
1301 601 1443 683 ipse
1490 620 1750 683 quoque
1796 600 1954 668 Call.
2000 601 2341 685 usurpavit
2368 601 2436 664 in
2467 600 2530 668 h.
2563 599 2674 667 VI.
2732 608 2853 668 124

907 697 995 783 ὥς
1040 695 1099 768 δ’
1145 695 1549 769 ἆπεδίλωτοι
1594 701 1704 768 καὶ
1752 695 2135 786 ἆνάμπυκες
2178 693 2345 768 ἔστι)
2389 706 2739 786 πατεῦμες.

736 808 883 875 Alia
926 806 1265 884 adiectiva‚
1319 826 1492 888 quae
1543 806 1610 871 in
1662 830 1866 886 -ωτος
1910 810 2181 886 exeunt,
2237 806 2505 891 collegit
2574 806 2850 873 Schnei-

738 910 937 975 derus
980 909 1030 986 1,
1076 931 1137 992 p.
1186 916 1331 977 241.

906 1011 1124 1078 Verba
1169 1019 1391 1079 autem
1444 1005 1783 1078 α’θύλωτοι
1829 1009 1906 1078 δέ
1948 1036 2063 1100 φιν
2116 1001 2284 1097 ὦμοι
2341 1009 2659 1099 δεξιτεροί
2735 1014 2856 1078 ad·

736 1116 836 1180 dit
880 1115 1040 1184 Call.
1085 1117 1272 1199 quasi
1311 1116 1378 1181 in
1424 1116 1822 1199 parenthesi,
1870 1121 1945 1180 ut
1987 1116 2250 1201 saepius
2296 1115 2481 1197 fecit3
2538 1116 2620 1184 cf.
2666 1117 2723 1186 Ι.
2770 1125 2853 1183 43

990 1208 1128 1285 εὖτε
1178 1212 1382 1299 Θενας
1426 1211 1794 1284 ἀπέλειπεν
1840 1216 1960 1284 ἐπὶ
2003 1222 2310 1285 Κνωσοῖο
2354 1218 2650 1307 φέρουσα

990 1326 1117 1388 Ζεῦ
1162 1316 1395 1406 πάτερ,
1453 1316 1494 1411 ἦ
1542 1319 1783 1410 Νύμφη
1828 1344 1902 1388 σε
1946 1321 2178 1406 (Θεναὶ
2212 1314 2283 1387 δ’
2332 1316 2486 1388 ἔσαν
2531 1319 2768 1408 ἐγγύθι

2280 1429 2587 1507 Κνωσοῦ)

987 1527 1250 1594 τουτάκι
1295 1552 1401 1595 τοι
1449 1526 1637 1608 πέσε,
1682 1529 1938 1612 δαῖμον,
1983 1520 2105 1591 ἄπ’
2153 1519 2468 1614 ὀμφαλός.

735 1633 878 1711 Qua
932 1631 1311 1717 parenthesi
1365 1637 1434 1698 et
1482 1632 1631 1716 ipsa
1685 1630 1846 1698 Call.
1903 1631 2411 1695 controversiam
2479 1630 2857 1698 diiudicare

733 1734 984 1816 studet,
1050 1739 1126 1799 ut
1174 1734 1514 1799 Kaibelius
1569 1739 1962 1817 praeceptor
2025 1732 2531 1798 humanissimus
2577 1756 2687 1800 me
2738 1735 2854 1800 do-

733 1839 894 1915 cuit3
954 1837 1336 1903 versabatur
1396 1836 1680 1903 enimin
1727 1835 2143 1901 contentione
2191 1838 2354 1900 situs
2403 1836 2631 1921 oppidi
2682 1837 2854 1903 The-

732 1962 983 2022 narum,
1029 1941 1208 2023 quod
1255 1939 1565 2006 discimus
1612 1961 1646 2005 e
1694 1939 2022 2024 Stephano
2065 1939 2410 2023 Byzantio:
2465 1937 2693 2022 Θεναί,
2731 1938 2857 2006 πό-

733 2045 833 2124 λις
887 2041 1392 2135 Κρήτης.τινὲς
1448 2041 1524 2108 δὲ
1572 2035 1958 2130 Menodices,-
1995 2049 2225 2127 —atque
2285 2043 2442 2108 Call.
2506 2044 2671 2108 dicit
2729 2044 2855 2109 hoc

731 2146 896 2228 1000,
939 2153 1159 2213 utram
1204 2148 1597 2213 sententiam
1645 2146 1973 2212 existimet
2015 2167 2254 2212 veram.

903 2569 1243 2635 Nonnullis
1307 2569 1465 2635 locis
1524 2568 1684 2635 Call.
1752 2570 1954 2634 etiam
2002 2569 2096 2639 de
2154 2569 2627 2658 etymologia
2688 2569 2850 2639 Ho-

734 2676 1185 2744 mericorum
1232 2672 1783 2743 vocabulorum
1830 2672 1999 2737 dixit
2042 2672 2205 2754 quid
2251 2673 2539 2738 sentiret.

1220 2859 1336 2929 111.
1387 2868 1528 2929 143.
1593 2856 1885 2949 Ἑρμείης
1916 2854 2327 2950 Ἀκακήσιος.

966 2983 1188 3056 ’'Bw-902
1229 3013 1336 3055 τοι
1380 2982 1763 3068 ἀντιόωντες
1807 2987 1899 3055 ἐνὶ
1944 2989 2319 3076 προμολῇσι
2365 2987 2664 3071 δέχονται

986 3087 1166 3158 ὅπλα
1208 3091 1331 3175 μὲν
1373 3086 1669 3180 Ἑρμείης
1699 3085 2106 3184 Ἀκακήσιος.

901 3212 1038 3277 Iam
1091 3217 1280 3278 Anna
1328 3211 1527 3278 Fabri
1583 3212 1669 3277 ad
1727 3213 1902 3278 huno
1972 3234 2226 3278 versum
2296 3213 2523 3278 citavit
2576 3212 2853 3280 Homeri

727 3310 1027 3405 Ἑρμείας
1071 3310 1386 3404 ἀκάκητα,
1453 3316 1568 3400 qui
1622 3314 1863 3400 legitur
1907 3322 1986 3381 H
2031 3323 2147 3385 185
2191 3321 2259 3380 et
2303 3341 2355 3381 ω
2404 3321 2501 3383 10.
2617 3318 2852 3401 Atque

731 3418 946 3485 adhuc
990 3417 1213 3484 videre
1258 3439 1606 3501 possumus
1661 3419 2030 3502 antiquitus
2085 3419 2595 3485 controversiam
2643 3420 2853 3487 fuisse

729 3523 904 3587 inter
951 3520 1178 3586 doctos
1208 3521 1401 3601 virosi,
1450 3526 1707 3588 essetne
1753 3521 2137 3588 referendus
2182 3522 2290 3587 hic
2334 3516 2642 3609 Ἑρμείας
2686 3516 2852 3590 ἀκά-

729 3648 891 3713 κητα
935 3644 975 3688 a
1020 3629 1238 3689 monte
1285 3623 1388 3688 vel
1434 3624 1749 3708 spelunca
1793 3624 1896 3690 vel
1945 3623 2103 3690 urbe
2136 3624 2465 3690 Arcadiae
2504 3625 2614 3708 (cf.
2649 3626 2852 3695 Paus.

730 3727 901 3805 VIII,
929 3734 1027 3805 36,
1054 3727 1139 3810 6),
1169 3748 1254 3791 an
1284 3726 1771 3812 intellegendus
1803 3727 1892 3791 sit
1921 3721 2002 3808 „o‘
2031 3724 2308 3813 μηδενὸς
2339 3732 2535 3794 κακοῦ
2565 3720 2848 3812 αἰ’τιος“,

729 3831 901 3895 sicut
947 3829 1142 3895 etiam
1175 3829 1559 3895 Callimachi
1606 3830 1963 3896 scholiasta
2008 3830 2353 3912 ambiguus
2400 3837 2500 3896 est
2545 3852 2694 3896 cum
2749 3833 2851 3897 di·
2928 3836 2929 3841 ’

729 3933 843 3997 cit:
896 3924 1036 3998 ἀπὸ
1095 3923 1282 4018 ὅρους
1314 3925 1697 4020 Ἀρκαδίας,
1752 3925 1793 4023 ἢ
1843 3927 1877 4000 ὃ
1921 3925 2197 4021 μηδενὸς
2241 3937 2437 3999 κακοῦ
2483 3930 2852 4021 παραίτιος

729 4027 836 4100 div.
926 4038 1141 4118 Atque
1196 4037 1480 4118 priorem
1534 4037 1712 4101 illam
1770 4039 2161 4102 sententiam
2215 4036 2686 4102 Eratosthenes
2746 4060 2850 4103 se-

730 4143 915 4203 cutus
973 4143 1090 4219 est,
1148 4140 1257 4222 qui
1315 4138 1701 4205 Callimachi
1759 4138 2122 4222 discipulus
2170 4138 2439 4221 dicitur3
2507 4138 2592 4208 cf.
2638 4134 2846 4210 schol.
