2969 4832
1470 366 1936 427 -108—

654 529 871 613 Apoll.
936 528 1161 613 Soph.‚
1236 529 1526 596 invenies
1590 552 1653 614 p.
1728 535 1877 612 126,
1946 538 2028 598 35
2096 528 2394 613 παλάξαι
2430 554 2445 569 ·
2479 531 2774 616 μαλάξαι

649 623 906 697 Ἀπίων
950 630 1060 698 καὶ
1106 636 1537 717 σινθραῢσαι.
1594 627 1733 700 ἔστι
1779 632 1854 699 δὲ
1907 633 2152 718 μᾶλλον
2203 632 2462 720 βρέξαι,
2532 629 2648 722 ἀφ’
2700 621 2776 700 οἶ·

657 732 767 800 καὶ
813 736 1024 826 πῆλος
1076 731 1116 826 ἦ
1160 735 1550 824 βεβρεγμένη
1604 741 1719 827 γῆ,
1785 756 1866 801 ex
1934 757 2065 820 quo
2132 737 2493 822 Hesychius
2561 737 2775 803 habet

659 835 954 920 παλάξαι
990 858 1004 872 ·
1038 837 1268 925 βρέξαι
1299 860 1313 875 ·
1347 835 1539 907 ἔνθεν
1592 837 1701 904 καὶ
1760 836 1969 926 πηλὸς
2028 834 2067 930 ἦ
2126 839 2520 928 βεβρεγμένη
2574 844 2653 930 γῆ
2684 862 2698 876 ·
2729 832 2774 931 ἢ
2817 924 2824 929 .

540 1002 545 1007 .
654 938 974 1024 μαλάξαι,
1028 939 1418 1029 σϊνῦράσαι.
1510 943 1691 1008 Haec
1735 947 1953 1008 autem
2000 943 2464 1028 interpretatio
2511 946 2774 1026 spectat

655 1048 773 1108 aut
836 1044 924 1109 ad
991 1049 1070 1109 A
1125 1051 1205 1112 98
1260 1074 1345 1102 =
1400 1050 1488 1111 M
1539 1051 1658 1112 186
1716 1073 1803 1102 =
1869 1051 1927 1111 Y
1972 1054 2099 1114 400
2166 1043 2517 1133 ἐγκέφαλος
2583 1040 2773 1110 ἔνδον

653 1141 839 1227 ἅπας
884 1144 1298 1229 πεπάλακτο,
1342 1148 1412 1212 id
1457 1147 1634 1242 quod
1680 1147 1981 1231 Ebeling.
2027 1153 2235 1233 putat,
2280 1152 2396 1213 aut
2437 1148 2523 1214 ad
2557 1153 2618 1213 P
2641 1153 2769 1215 387

1339 1246 1609 1337 καμάτῳ
1656 1250 1731 1318 δὲ
1775 1250 1886 1316 καὶ
1932 1247 2092 1338 ἱδρῷ
2136 1249 2417 1335 νωλεμὲς
2460 1246 2594 1316 αἰεὶ

785 1352 1066 1440 γούνατά
1106 1377 1180 1418 τε
1222 1350 1465 1445 κνῆμαί
1507 1377 1578 1420 τε
1624 1351 1831 1433 πόδες
1876 1347 1947 1420 θ’
1995 1349 2351 1439 ὑπένερθεν
2398 1348 2673 1419 ἑκάστου

781 1455 987 1543 χεῖρές
1029 1449 1088 1527 τ’
1138 1449 1482 1545 ὀφθαλμοί
1526 1480 1597 1523 τε
1641 1454 2020 1524 παλάσσετο
2061 1455 2548 1544 μαρναμένοιιν.

826 1560 968 1624 Iam
1036 1580 1189 1624 vero
1255 1558 1415 1624 mihi
1482 1559 2025 1625 verisimillimum
2069 1560 2327 1625 videtur
2380 1580 2510 1624 non
2560 1557 2774 1642 Apio-

661 1683 808 1728 nem
852 1662 1132 1746 primum
1176 1662 1343 1727 hanc
1374 1662 1987 1747 interpretationem
2031 1662 2401 1746 protulisse,
2448 1661 2565 1728 sed
2612 1667 2776 1727 ante

655 1786 803 1829 eum
847 1767 977 1830 iam
1023 1765 1206 1831 illam
1252 1771 1556 1847 exstare3
1603 1766 1789 1850 atqui
1838 1767 1890 1831 si
1936 1765 2097 1834 Call.
2141 1766 2322 1831 locos
2366 1764 2513 1830 illos
2569 1764 2776 1829 modo

656 1870 890 1934 citatos
935 1869 1075 1952 ipse
1124 1889 1384 1954 quoque
1428 1868 1759 1934 intellexit
1801 1873 1878 1933 ut
1923 1869 2117 1952 Apio,
2186 1868 2383 1933 etiam
2434 1863 2779 1932 παλάσσε-

660 1975 830 2036 σθαι
860 1975 1144 2059 κεραυνῷ
1176 1972 1259 2037 ad
1294 1971 1563 2037 Homeri
1595 1970 1961 2056 exemplum
1993 1972 2236 2037 dixisse
2268 1970 2395 2036 sibi
2436 1970 2616 2035 visus
2643 1975 2776 2034 est.

1372 2163 1446 2230 V.
1497 2170 1598 2230 31.
1647 2155 2033 2230 άποπέκειν.

796 2276 1031 2347 Οἴσετε
1077 2281 1184 2346 καὶ
1231 2280 1419 2348 κτένα
1465 2278 1526 2348 οἳ
1571 2280 1997 2370 παγχρύσεον,
2046 2278 2136 2363 ὠς
2180 2275 2323 2349 ἀπὸ
2364 2288 2599 2365 χαιτᾶν
2611 2290 2657 2363 ¹)

895 2382 1175 2473 πέξηται
1220 2378 1507 2475 λιπαρὸν
1552 2383 1940 2471 σμασαμένα
1986 2382 2345 2471 πλόκαμον.

829 2489 970 2554 Hoc
1016 2489 1082 2552 in
1129 2488 1409 2555 disticho
1442 2489 1708 2555 verbum
1754 2484 2125 2556 άποπέκειν
2154 2491 2310 2555 viris
2344 2489 2556 2556 doctis
2601 2491 2775 2554 mul-

656 2600 759 2658 tos
812 2591 1153 2675 scrupulos
1205 2594 1421 2662 movit.
1511 2592 1948 2659 Schneiderus
2017 2594 2187 2660 enim
2257 2614 2403 2658 cum
2471 2592 2630 2658 olim
2696 2593 2775 2657 in

654 2694 885 2760 Philol.
930 2694 1037 2775 VI,
1083 2717 1146 2779 p.
1197 2704 1318 2765 506
1365 2687 1845 2763 άποπέκεσθαι
1893 2696 2057 2761 nihil
2104 2697 2230 2762 nisi
2276 2695 2603 2779 pectendo
2650 2716 2773 2760 au-

655 2797 828 2864 ferre
873 2802 1058 2864 ratus
1103 2801 1495 2866 coniecisset
1538 2794 1672 2866 ὑπό
1722 2799 2142 2864 scribendum
2197 2819 2373 2878 esse,
2439 2804 2512 2863 ut
2571 2798 2778 2882 signi-

656 2901 890 2967 ficaret
921 2903 1144 2967 leviter
1173 2912 1233 2968 et
1276 2907 1408 2968 sine
1445 2907 1800 2988 praecipua
1832 2905 2052 2986 aliqua
2082 2923 2242 2966 cura
2261 2910 2508 2986 pectere
2540 2905 2775 2982 crinea,

658 3011 796 3070 tum
837 3007 904 3072 in
951 3005 1236 3072 editione
1282 3007 1477 3071 huius
1527 3007 1854 3091 opinionis
1908 3026 2056 3070 eum
2110 3005 2433 3088 paenituit
2475 3009 2543 3071 et
2587 2997 2774 3072 ἀπο-

660 3106 1000 3174 πέκεσθαι
1045 3109 1518 3194 interpretatus
1564 3115 1668 3175 est
1705 3112 1999 3194 pectendo
2047 3110 2123 3173 ab
2169 3112 2336 3171 omni
2379 3109 2560 3173 sorde
2601 3130 2773 3192 pur-

657 3231 838 3296 9are‚
906 3212 975 3276 id
1021 3212 1200 3295 quod
1250 3213 1332 3280 de
1380 3213 1672 3279 crinibus
1712 3234 1868 3279 sane
1924 3211 2210 3296 permire
2266 3210 2512 3276 dictum
2572 3217 2770 3294 esset,

661 3316 783 3381 etsi
832 3336 957 3380 non
1005 3336 1174 3399 nego
1219 3316 1288 3381 in
1343 3317 1717 3381 universum
1770 3310 1911 3382 άπό
1977 3315 2528 3399 praepositionem
2596 3315 2774 3381 hanc

656 3417 1010 3503 purgandi,
1062 3424 1136 3483 ut
1180 3419 1277 3483 ita
1319 3420 1565 3502 dicam,
1622 3419 2170 3503 significationem
2224 3418 2498 3484 induere
2554 3439 2771 3501 posse.

656 3520 908 3586 Deinde
952 3522 1209 3587 exstitit
1242 3523 1593 3589 Mauricius
1624 3521 2044 3601 Schmidtius,
2092 3521 2206 3604 qui
2250 3523 2315 3586 in
2361 3520 2525 3585 Mus.
2561 3520 2770 3587 Rhen.

655 3624 794 3706 XX,
837 3646 901 3709 p.
946 3632 1074 3694 468
1119 3624 1368 3692 diceret
1433 3648 1553 3711 pro
1608 3628 1829 3692 ΑΠΟ
1893 3624 2311 3691 scribendum
2380 3644 2522 3690 esse
2590 3628 2774 3693 AIO

656 3728 698 3795 i.
747 3749 803 3794 e.
851 3725 945 3810 ἕο,
1000 3735 1200 3812 atque
1253 3735 1409 3814 post
1459 3732 1635 3795 hunc
1682 3728 2045 3798 Meinekius
2091 3727 2438 3813 proposuit
2483 3721 2573 3805 ὥς
2617 3719 2766 3814 ἄρα.

657 3831 788 3898 Sed
831 3852 963 3897 non
1008 3854 1171 3916 opus
1217 3838 1322 3900 est
1372 3833 1796 3919 coniecturis3
1859 3838 2020 3917 puto
2077 3832 2247 3897 enim
2296 3831 2766 3897 Callimachum

805 4074 848 4143 ¹)
885 4073 965 4129 sic
1000 4079 1145 4130 recte
1178 4073 1318 4128 mihi
1353 4072 1573 4129 videtur
1606 4073 1905 4129 coniecisse
1939 4071 2259 4139 Kaibelius3
2295 4072 2363 4127 cf.
2401 4070 2562 4127 Pind.
2600 4070 2766 4143 Pyth.

659 4161 764 4219 IV.
799 4161 895 4229 82;
930 4160 1060 4217 libri
1093 4166 1302 4231 χαίταν
1340 4166 1440 4217 aut
1469 4167 1676 4231 χαίτης.
