2969 4832
1514 341 1937 399 ...1θῷ

672 504 886 587 Atque
942 498 1290 568 manifesto
1335 507 1410 567 ut
1455 504 1717 589 saepius
1738 506 1785 586 1)
1830 490 2159 586 Vergilius
2206 492 2590 569 Callimachi
2646 512 2790 567 ver*

671 626 783 670 sus
849 605 1210 671 transtulit.
1338 606 1461 672 Hic
1503 607 1738 691 ‚igitur
1818 606 2097 674 eandem
2171 604 2789 690 interpretationem

670 709 970 775 vocabuli
1014 702 1383 794 ἀμβολαδίς
1425 710 1606 776 novit
1650 731 1845 795 quam
1900 710 2289 787 scholiasta;
2359 730 2509 775 nam
2554 709 2623 774 in
2666 731 2790 775 nu-

671 832 920 878 merum
967 818 1035 878 et
1079 811 1151 878 ἒκ
1196 812 1510 904 διαδοχῆς
1553 814 1678 880 hoc
1722 814 1881 880 loco·
1913 812 2072 879 nihil
2119 813 2294 879 inter
2338 834 2409 879 se
2455 811 2791 892 differunt,

671 937 835 995 cum,
882 915 937 980 si
967 915 1264 982 homines
1308 917 1412 982 vel
1456 917 1715 984 fervens
1759 917 2026 996 ferrum,
2084 916 2185 982 vel
2230 915 2628 1005 frumentum
2676 916 2792 980 de-

672 1020 876 1084 cisum
922 1018 1023 1085 vel
1067 1019 1199 1086 tale
1244 1021 1403 1104 quid
1466 1019 1539 1087 ἐκ
1592 1021 1905 1112 διαδοχῆς
1970 1023 2010 1086 i.
2081 1042 2135 1088 e.
2200 1021 2454 1086 alterne
2520 1019 2791 1097 feriunt,

670 1143 928 1206 semper
969 1121 1211 1188 feriant
1252 1126 1318 1189 in
1362 1146 1725 1190 numerum.

842 1225 982 1291 Iam
1017 1227 1489 1310 quaerentibus
1535 1228 1744 1310 nobis,
1792 1232 2089 1293 exstetne
2135 1226 2320 1292 aliud
2365 1226 2563 1292 huius
2592 1227 2795 1291 inter·

671 1330 1064 1413 pretationis
1110 1330 1489 1415 vestigium,
1545 1330 1833 1397 adeundi
1879 1337 2032 1396 sunt
2074 1331 2471 1415 interpretes
2514 1329 2602 1395 ad
2651 1329 2792 1393 Ho-

674 1454 948 1514 merum3
994 1434 1051 1498 is
1098 1434 1268 1499 enim
1313 1433 1517 1499 habet
1561 1455 1781 1501 vocem
1825 1425 2165 1525 ἀμβλήδην
2211 1440 2288 1500 Χ
2327 1441 2451 1502 476

961 1530 1369 1627 ἀμβλήδην
1412 1535 1675 1623 γοόωσα
1717 1529 1886 1622 μετὰ
1937 1540 2242 1624 Τρωῇσιν
2284 1531 2502 1603 ἔειπεν

673 1638 812 1708 scil.
857 1639 1330 1721 Andromache,
1389 1660 1539 1706 cum
1582 1640 1839 1707 videret
1879 1640 2236 1708 Hectorem
2282 1639 2556 1707 Achillis
2602 1639 2795 1723 equis

672 1748 1025 1828 raptatum,
1082 1748 1149 1809 et
1192 1763 1415 1810 vocem
1461 1737 1836 1833 ἀμβολάδην
1886 1751 1948 1810 Φ
1995 1751 2118 1812 364

759 1841 849 1925 ὦς
894 1846 969 1913 δὲ
1012 1846 1206 1933 λέβης
1254 1847 1350 1929 ζεῖ
1394 1840 1577 1913 ἔνδον
1622 1840 2045 1934 ἐπειγόμενος
2087 1845 2248 1935 πυρὶ
2295 1846 2523 1935 πολλῷ

761 2051 1103 2121 πάντοθεν
1147 2045 1635 2141 ἀμβολάδην,
1680 2048 1814 2120 ὑπὸ
1860 2052 1936 2120 δὲ
1981 2052 2135 2136 ξύλα
2179 2050 2463 2141 κάγκανα
2506 2055 2721 2118 κεῖται

675 2158 850 2243 quod
896 2155 1283 2223 vocabulum
1330 2158 1529 2222 etiam
1574 2156 1820 2241 legitur
1865 2158 1932 2222 in
1977 2159 2164 2223 Hom.
2199 2158 2262 2224 h.
2302 2159 2368 2222 in
2402 2156 2598 2222 Merc.
2646 2164 2800 2224 425.

1603 2259 1772 2343 τάχα
1816 2259 1892 2327 δὲ
1935 2258 2165 2348 λιγέως
2202 2257 2569 2346 κιθαρίζων

766 2429 777 2440 ,
847 2354 1089 2453 γηρύετ’
1139 2355 1632 2452 ἀμβολάδην,
1681 2362 1875 2456 ἐρατὴ
1924 2363 1999 2433 δὲ
2043 2360 2105 2432 οἱ
2150 2363 2397 2432 ἕσπετο
2443 2359 2650 2454 φωνή.

675 2472 890 2553 Atque
955 2467 1197 2552 prioris
1252 2468 1428 2532 vocis
1494 2473 1756 2534 exstant
1810 2474 1944 2535 tres
1990 2469 2487 2553 explicationes:
2507 2470 2557 2550 ²)
2622 2465 2801 2551 μετὰ

677 2567 1027 2657 ὀλολυγμοῦ
1071 2567 1480 2654 ἀναβάλλων,
1554 2593 1749 2656 quam
1793 2572 1996 2638 habet
2040 2573 2227 2650 Hes,;
2295 2577 2436 2637 tum
2483 2571 2596 2655 qui
2642 2566 2800 2637 ἀνα-

675 2673 937 2759 βάλλειν
1017 2674 1408 2758 intellegunt
1476 2673 1558 2740 de
1626 2675 2000 2743 anhelando
2078 2676 2179 2741 Et.
2246 2675 2499 2758 Magn.,
2590 2673 2798 2742 schol.

675 2778 922 2845 GenaV.
967 2777 1070 2859 Π.,
1118 2778 1206 2842 D:
1275 2771 1695 2865 ἀναφέρουσα
1750 2770 2024 2868 ἀθρόως
2064 2776 2145 2847 τὸ
2190 2782 2489 2863 πνεῦμα,·
2555 2777 2799 2842 deinde

676 2882 790 2965 qui
836 2873 1226 2967 ἀναβάλλειν
1269 2880 1664 2964 intellegunt
1722 2882 1856 2947 alte
1902 2886 2230 2966 repetere,
2300 2880 2476 2966 quod
2535 2879 2800 2945 Andro-

674 2984 901 3050 mache
968 2978 1082 3050 οὐκ
1132 2977 1275 3052 ἀπὸ
1329 2989 1455 3051 τῶν
1512 2981 1953 3073 παρεστώτων
2017 2980 2460 3073 ἁπλούστερον
2524 2978 2799 3074 ἔρχεται

813 3191 858 3261 ²)
893 3190 964 3246 cf.
998 3190 1053 3245 h.
1091 3188 1205 3245 111.
1241 3190 1311 3246 53
1345 3188 1416 3245 de
1450 3189 1827 3262 Cyclopibus:

1671 3281 1813 3330 πᾶσι
1850 3273 1897 3330 δ’
1936 3273 2023 3330 ὑπ’
2065 3275 2241 3351 ὀφρὺν

1093 3360 1237 3433 φάεα
1269 3361 1619 3434 μουνόγληνα
1656 3362 1811 3417 σάκει
1848 3363 1945 3416 ἴσα
1979 3367 2318 3433 τετραβοείῳ

1096 3446 1286 3503 δεινὸν
1319 3446 1782 3521 ὖπογλαύσσοντα

673 3540 734 3591 et
765 3535 934 3607 Verg.
970 3537 1111 3590 Aen.
1147 3535 1261 3590 ΙΙΙ.
1298 3535 1419 3603 636,
1464 3535 1563 3606 qui
1596 3534 1666 3591 de
1700 3535 1870 3591 Ulixe
1916 3535 2148 3607 eiusque
2182 3535 2345 3591 sociis
2381 3532 2799 3605 Polyphemum

674 3621 1027 3678 caecantibus
1063 3621 1144 3677 ait

1426 3708 1541 3763 telo
1575 3708 1767 3764 lumen
1811 3708 2158 3765 terebramus
2192 3711 2360 3763 acuto

1006 3794 1204 3865 ingens
1238 3794 1390 3865 quod
1424 3800 1585 3851 torva
1619 3794 1803 3850 solum
1838 3794 1946 3851 sub
1982 3794 2165 3850 fronte
2198 3793 2429 3862 latebat,

1009 3880 1256 3951 Argolici
1290 3880 1456 3952 clipei
1493 3885 1596 3936 aut
1630 3880 1921 3936 Phoebeae
1954 3880 2232 3953 lampadis
2265 3880 2458 3935 instar.

677 3966 771 4032 (cf.
806 3967 976 4021 etiam
1013 3966 1116 4022 Ov.
1151 3971 1281 4022 met.
1318 3967 1495 4022 XIII.
1532 3967 1657 4035 851)
1706 3970 1765 4021 et
1797 3983 1880 4039 ep.
1919 3969 1984 4022 61
2021 3966 2173 4037 quod
2208 3966 2490 4038 Vergilius
2525 3966 2804 4037 expressit

677 4052 949 4124 Catalept.
984 4051 1077 4107 XI
1114 4052 1326 4122 (XIV).

816 4142 853 4209 ²)
893 4138 1049 4196 Suid.
1086 4138 1258 4195 habet
1287 4139 1537 4213 μεγάλως
1570 4141 1782 4208 βοῶσα,
1819 4139 1917 4195 sed
1951 4140 2088 4196 haec
2124 4156 2237 4196 non
2272 4144 2358 4196 est
2394 4138 2706 4211 explicatio.
