2969 4832
1518 377 1943 438 —92-

676 542 793 608 sed
847 547 1111 608 secutus
1164 542 1547 624 Homerum,
1614 540 1942 625 simulque
1996 560 2074 605 eo
2129 539 2398 606 consilio
2455 562 2652 624 usus,
2718 547 2801 608 ut

674 666 865 711 versu
913 665 1031 711 suo
1087 666 1216 710 non
1262 650 1397 711 tam
1443 643 1805 710 delectaret
1849 664 2047 726 quam
2092 643 2377 713 doceret.
2461 645 2799 711 Homerus

675 748 850 815 enim
898 747 1145 814 formas
1192 742 1430 835 ἕτραφε
1481 753 1544 812 Φ
1587 753 1734 827 279,
1781 744 2136 834 ἐτραφέτην
2179 750 2239 813 Ε
2266 756 2409 828 555,
2456 746 2800 836 τραφέμεν

668 855 748 920 Η
788 858 927 929 199,
973 856 1031 916 Σ
1067 858 1213 931 436,
1271 873 1311 937 y
1352 857 1434 918 28
1480 849 1713 915 eodem
1758 848 1952 915 modo
1998 848 2331 930 adhibuit,
2399 856 2477 916 ut
2520 871 2642 935 pro
2692 851 2797 917 in·

676 954 1041 1019 transitivis
1086 958 1287 1033 stent3
1333 952 1457 1018 hoc
1502 957 1718 1017 autem
1751 973 1881 1017 non
1927 951 2011 1016 ab
2043 952 2346 1018 omnibus
2375 953 2800 1020 intellectum

676 1077 818 1122 esse
864 1056 1271 1123 demonstrat
1313 1055 1514 1121 schol.
1544 1055 1599 1119 B
1641 1053 1727 1119 ad
1779 1061 1841 1120 Φ
1871 1061 1995 1121 279
2041 1043 2118 1134 ὃς
2164 1052 2409 1122 ἐνθάδε
2452 1049 2510 1142 y'
2558 1051 2797 1146 ἔτραφ’

672 1151 972 1247 ἄριστος·
1039 1155 1598 1247 παροξυτονητέον
1623 1181 1637 1195 ·
1662 1151 1740 1224 τὸ
1783 1155 1905 1244 γὰρ
1955 1154 2207 1224 τέλειόν
2259 1155 2440 1225 ἐστιν
2493 1157 2754 1248 ἐτράφη
2781 1182 2799 1197 ·

673 1261 785 1328 καὶ
848 1262 1169 1348 μέμνηται
1232 1253 1429 1328 αὐτοῦ
1484 1257 1522 1328 ὁ
1569 1254 1974 1344 εΗρωδιανὸς
2038 1257 2107 1325 ἐν
2158 1264 2240 1349 τῇ
2304 1254 2471 1351 ἀρχῇ
2528 1266 2655 1353 τῆς
2711 1263 2799 1347 Ξ,

676 1359 847 1431 ὅπου
912 1363 1344 1449 διαλαμβάνει
1408 1362 1565 1451 περὶ
1609 1367 1722 1429 τοῦ
1789 1358 2127 1445 ,,διχθοὶδι’
2185 1356 2226 1454 ἢ
2280 1360 2439 1448 μεθ’
2496 1359 2801 1448 ὅμιλον“.

671 1467 784 1534 καὶ
825 1465 1001 1555 λέγει
1048 1463 1149 1535 ὅτι
1182 1459 1587 1558 συναλοιφὴν
1631 1464 1946 1532 πέπονθε
1990 1459 2104 1532 διὰ
2145 1469 2260 1532 τοῦ
2289 1493 2349 1554 η.
2427 1466 2619 1532 Hanc
2664 1467 2799 1534 fal-

675 1591 811 1636 sam
860 1571 1234 1656 opinionem
1280 1592 1411 1636 non
1444 1569 1828 1637 Callimachi
1874 1569 2076 1635 fuisse
2121 1574 2405 1653 apparet
2450 1591 2531 1635 ex
2579 1570 2801 1637 forma

675 1695 806 1758 qua
848 1695 1005 1741 usus
1073 1679 1175 1741 est
1240 1668 1537 1762 ἔτραφες,
1609 1694 1806 1758 quam
1870 1691 2060 1737 nemo
2126 1673 2346 1756 potuit
2408 1674 2799 1741 existimare

673 1777 990 1843 aoristum
1034 1777 1386 1862 passivum.
1451 1776 1633 1842 Idem
1666 1775 1886 1841 videre
1930 1795 2278 1859 possumus
2321 1776 2392 1841 in
2437 1777 2626 1861 frgm.
2666 1786 2794 1847 129

1122 1877 1463 1967 λαθρηδόν
1507 1878 1582 1945 δὲ
1625 1872 1786 1967 παρ’
1832 1872 2227 1965 Ἡφαίστοιο
2268 1877 2569 1962 καμίνοις

892 1978 1190 2072 ἐτραφον,
1236 1978 1486 2071 αἶράων
1527 1976 1679 2069 ἔργα
1723 1978 2206 2064 διδασκόμενοι,

672 2086 784 2151 ubi
832 2085 1111 2153 formam
1156 2080 1434 2175 ἔτραφον
1476 2085 1769 2151 restituit
1812 2082 2173 2149 Meinekius
2217 2083 2306 2149 ad
2349 2084 2411 2153 h.
2454 2086 2506 2150 I.
2555 2095 2659 2154 55.

842 2190 918 2254 In
972 2196 1034 2255 Φ
1078 2193 1299 2255 autem
1340 2210 1397 2254 v.
1444 2195 1569 2256 279
1617 2182 1707 2266 ὥς
1747 2179 1816 2270 μ’
1866 2178 2043 2273 ὄφελ’
2075 2180 2331 2275 Ἕκτωρ
2377 2191 2654 2271 κτεῖναι,
2711 2180 2797 2272 ὃς

672 2290 916 2359 ἐνθάδε
959 2287 1015 2379 γ’
1049 2284 1273 2379 ἔτραφ’
1323 2284 1594 2380 ἄριστος
1637 2289 1821 2354 varia
1859 2288 2055 2353 lectio
2087 2289 2419 2372 exstabat3
2464 2289 2546 2359 cf.
2579 2293 2794 2363 schol.

676 2399 725 2461 A
775 2394 843 2462 έν
886 2388 1061 2483 ἷίλλῳ
1108 2390 1352 2461 ἐνθάδε
1393 2384 1662 2481 τέτραφ>
1709 2383 2003 2480 ὄῖριστοςς
2069 2390 2272 2460 schol.
2314 2393 2369 2458 B
2412 2423 2500 2451 =
2543 2394 2794 2463 Townl.

669 2491 936 2587 τέτραφ’
983 2494 1129 2565 ἀντὶ
1172 2502 1288 2565 τοῦ
1333 2493 1582 2584 ἐτράφη
1609 2491 1634 2533 ’·
1668 2488 1755 2560 τὰ
1796 2490 1916 2582 γὰρ
1963 2488 2336 2584 ένεργητικὰ
2388 2495 2615 2564 τούτου
2669 2504 2793 2566 τοῦ

672 2599 964 2692 ῥήματος
1006 2593 1155 2667 ἀντὶ
1199 2603 1594 2688 παθητικῶν
1637 2595 1896 2680 τάσσει,
1967 2618 2137 2682 quae
2193 2602 2519 2684 scriptura
2578 2603 2797 2668 mani-

672 2704 840 2770 festo
907 2711 1054 2770 orta
1106 2709 1208 2771 est
1264 2725 1300 2769 e
1346 2701 1776 2769 similitudine
1840 2702 2214 2767 litterarum
2260 2709 2322 2769 Γ
2360 2708 2428 2769 et
2478 2711 2552 2772 T.
2640 2705 2788 2772 Iam

672 2806 1016 2874 Kaibelius
1078 2807 1179 2872 vir
1232 2806 1651 2872 doctissimus
1717 2810 1911 2889 putat
1966 2804 2434 2872 Callimachum
2500 2806 2790 2875 voluisse

672 2908 998 2994 expellere
1053 2910 1333 2977 formam
1387 2907 1672 2996 τέτραφε
1734 2914 1934 2991 atque
1997 2908 2147 2974 ideo
2214 2928 2366 2974 eum
2433 2911 2789 2994 scripsisse

669 3013 719 3080 I.
767 3021 848 3080 55
897 3007 956 3079 δ’
1006 3008 1303 3101 ἐτραφες,
1349 3011 1526 3097 quod
1570 3032 1759 3077 nemo
1803 3011 2021 3096 legere
2065 3019 2290 3096 posset
2327 3010 2662 3102 τέτραφες.

843 3116 922 3181 Id
994 3122 1213 3182 autem
1290 3114 1465 3199 quod
1539 3114 1924 3180 criminatur
1997 3114 2287 3182 Cobetus
2361 3118 2628 3202 (Mnem.
2705 3119 2788 3200 X,

669 3241 731 3303 p.
776 3226 902 3287 406
933 3220 1078 3304 sq.),
1125 3217 1596 3286 Callimachum
1641 3222 1887 3283 temere
1931 3217 2215 3300 priorem
2249 3217 2571 3303 syllabam
2602 3223 2789 3288 vocis

669 3318 866 3402 καλός
910 3328 979 3388 et
1022 3322 1284 3407 longam
1331 3327 1401 3388 et
1454 3320 1715 3387 brevem
1772 3319 2143 3400 admisisse,
2208 3321 2338 3386 iam
2385 3322 2687 3389 Schneid.
2733 3327 2788 3406 I,

670 3447 734 3509 p.
808 3431 927 3493 152
986 3425 1337 3506 refutavit,
1404 3425 1515 3508 qui
1585 3424 2054 3489 demonstravit
2113 3424 2311 3489 etiam
2378 3425 2447 3488 in
2514 3425 2643 3490 hac
2711 3449 2789 3494 re

672 3527 1144 3595 Callimachum
1233 3529 1544 3594 habuisse
1629 3545 2115 3612 praecessorem
2200 3525 2586 3609 Homerum,
2679 3532 2791 3595 cui

669 3631 918 3698 multae
994 3631 1285 3716 syllabae
1359 3631 1639 3698 fuissent
1709 3629 2051 3713 ancipites.
2151 3628 2502 3695 Immemor
2575 3632 2790 3715 igitur

672 3732 959 3800 Cobetus
988 3735 1191 3803 fuisse
1222 3735 1487 3801 videtur
1506 3734 1663 3801 eius
1708 3732 1882 3817 quod
1926 3731 2382 3798 Lachmannus
2414 3732 2793 3804 observavit

673 3837 785 3921 (ad
838 3839 1029 3922 Prop.
1084 3860 1149 3923 p.
1199 3842 1348 3920 111)
1402 3836 1483 3902 de
1549 3837 1672 3902 hac
1733 3835 2091 3901 variatione
2157 3856 2283 3920 qua
2350 3837 2496 3900 bom·
2555 3848 2789 3920 poetae

671 3944 1023 4024 saepissime
1090 3949 1367 4005 utuntur
1433 3946 1503 4004 in
1570 3944 1963 4024 repetitione,
2031 3960 2105 4003 ne
2174 3939 2337 4002 idem
2401 3942 2791 4007 vocabulum

672 4046 893 4111 eodum
938 4053 1196 4110 accentu
1243 4046 1575 4132 eademque
1621 4043 2009 4129 syllabarum
2063 4046 2414 4130 quantitate
2460 4056 2792 4112 recurrat.
