2969 4832
973 379 1395 437 -71-

33 545 36 636 s
143 543 328 626 frgm.
389 551 512 610 126
573 564 833 626 semper
886 543 1150 607 notione
1203 542 1447 627 litoris3
1502 540 1617 607 sed
1675 541 1779 607 hic
1833 542 2085 624 locus1)
2140 542 2252 608 de-

142 652 461 712 monstrat
518 667 665 712 eum
725 646 920 711 etiam
978 665 1252 729 gnarum
1310 644 1512 711 fuisse
1567 644 2062 729 significationis
2122 667 2252 710 cu-

139 750 353 829 muli,
424 770 624 833 quam
669 748 1115 832 suppeditavit
1183 748 1626 831 grammaticis
1690 773 1740 831 μ
1799 756 1880 815 45
1939 742 2147 828 πολὺς
2191 742 2250 814 δ’

138 845 299 939 ἀμφ’
360 845 673 938 ὀστεόφιν
725 851 844 930 θὶς
900 845 1195 939 ’Άνδρων
1273 849 1690 936 πυθομένων.
1801 851 1901 917 Ab
1967 851 2251 917 Homero

141 938 359 1021 autem
408 954 689 1035 recedit,
760 976 906 1020 cum
960 955 1276 1021 vocabulo
1321 955 1555 1020 tribuit
1598 953 1975 1019 femininum
2031 976 2253 1039 genus,

139 1059 312 1141 apud
381 1059 742 1123 Homerum
811 1059 984 1123 enim
1051 1066 1154 1124 est
1223 1059 1480 1143 generis
1549 1056 1911 1122 masculini.
2021 1056 2103 1122 cf.
2149 1059 2252 1123 Et.

135 1164 349 1244 Magn.
397 1170 547 1242 450,
593 1169 631 1230 2
702 1158 823 1241 Θίς
847 1188 862 1225 z
888 1163 1195 1246 θηλυκῶς
1239 1159 1496 1248 λέγεται
1541 1155 1577 1227 5
1624 1156 1923 1246 αἰγιαλός
1981 1166 2048 1225 et
2091 1159 2250 1226 ibid.

137 1274 241 1333 34:
323 1262 403 1332 τὸ
470 1263 590 1343 θὶς
655 1263 772 1330 ἐπὶ
840 1268 956 1331 τοῦ
1024 1261 1324 1352 αἰγιαλοῦ
1387 1258 1725 1352 ἀρσενικὸν
1789 1261 1900 1328 καὶ
1965 1261 2254 1351 θηλυκόν

136 1366 285 1434 ἐστι
307 1388 321 1402 ·
348 1366 459 1433 καὶ
505 1366 623 1433 ἐπὶ
668 1373 786 1434 τοῦ
828 1372 1069 1454 σωροῦ,
1139 1362 1382 1451 ὁμοίως
1437 1360 1772 1454 ἀρσενικὸν
1812 1364 1927 1432 καὶ
1966 1364 2256 1454 θηλυκόν

134 1468 300 1537 ἐστι.
347 1470 493 1537 θινὶ
537 1469 954 1557 φοινικόεντι.

308 1573 454 1639 Hac
483 1596 556 1639 re
588 1573 898 1639 absoluta
939 1573 1139 1641 liceat
1183 1574 1399 1640 redire
1444 1573 1528 1639 ad
1561 1572 1989 1640 Strabonis
2034 1574 2252 1639 locum

136 1697 341 1761 supra
386 1677 685 1742 allatum.
773 1676 1137 1743 Enucleare
1169 1678 1342 1743 enim
1371 1697 1738 1762 possumuS,
1784 1697 1977 1760 quas
2022 1678 2252 1762 Apol-

134 1778 465 1845 lodorus
512 1779 1136 1864 reprehenderit
1180 1782 1645 1849 sententias
1759 1781 2016 1845 Etenim
2061 1779 2253 1846 facile

138 1889 420 1967 apparet
489 1884 756 1949 nomina
824 1881 1116 1974 Γερήνων
1175 1876 1606 1971 Ἀκακησίου,
1676 1879 2125 1970 Πελεθρονίου
2186 1882 2253 1949 ἐν

135 1982 367 2073 Πηλίῳ
415 1993 476 2051 Γ
469 1983 851 2053 λαυκωπίου
896 1984 962 2052 ἐν
995 1978 1319 2077 Ἀθήναις
1361 1988 1425 2051 in
1472 1987 1696 2072 aliqua
1739 2008 1810 2053 re
1855 1987 2256 2067 consentire3.

137 2096 288 2155 sunt
342 2091 515 2156 enim
574 2090 872 2155 locorum
927 2091 1209 2171 nomina,
1269 2112 1311 2156 a
1357 2091 1594 2174 quibus
1651 2091 2042 2174 cognomina
2094 2090 2247 2155 deo-

134 2213 274 2257 rum
320 2192 429 2258 vel
478 2192 751 2257 heroum
811 2192 1010 2259 ducta
1056 2214 1198 2259 esse
1245 2194 1543 2259 nonnulli
1601 2193 2013 2277 grammatici
2057 2197 2251 2276 puta-

134 2294 309 2362 bant.
411 2299 631 2378 Atque
676 2294 757 2361 de
804 2296 1116 2361 Acacesio
1161 2302 1382 2362 monte
1430 2303 1497 2362 et
1542 2296 1905 2381 Glaucopio
1952 2296 2074 2361 hoc
2119 2296 2249 2362 iam

135 2399 434 2465 vidimuS.
546 2399 643 2464 De
704 2405 765 2464 Γ
768 2423 1077 2489 ερηνοις
1141 2404 1363 2466 autem
1431 2398 1736 2465 discimus
1792 2422 1826 2465 e
1884 2399 2084 2466 schol.
2131 2399 2247 2464 AD

133 2504 215 2569 ad
260 2509 325 2569 Β
371 2509 532 2571 336:
579 2500 728 2569 τότε
769 2501 1046 2590 Νέστωρ
1093 2501 1161 2569 ἒν
1195 2501 1502 2594 Γερήνοις
1544 2500 1938 2591 τρεφόμενος
1981 2509 2249 2590 πορθη-

135 2602 369 2693 θείσης
413 2610 535 2695 τῆς
579 2603 802 2670 Πύλου
847 2606 956 2672 καὶ
1010 2612 1137 2672 τῶν
1180 2632 1253 2673 ια
1297 2600 1593 2694 ἀδελφῶν
1636 2600 1829 2673 αὐτου
1872 2598 2248 2691 ἀναιρεθέν-

134 2734 259 2775 των
323 2706 532 2794 μόνος
597 2705 1076 2798 περιελείφθη·
1113 2703 1217 2777 διὸ
1284 2709 1389 2776 καὶ
1461 2707 1770 2800 Γερήνιος
1835 2703 2247 2797 ὠνομάσθη.

135 2808 382 2899 ιστορεῖ
439 2806 752 2891 (Ησίοδος
795 2837 863 2878 εν
905 2811 1373 2900 καταλόγοιςβ)
1483 2814 1778 2897 Denique
1833 2813 2250 2878 Chironem

132 2915 733 2982 Pelethronium
790 2918 1035 2982 dictum
1091 2938 1233 2983 esse
1278 2916 1576 2983 nonnulli
1621 2916 2119 2982 arbitrabantur
2162 2914 2247 2980 ab

135 3018 381 3104 oppido
451 3019 738 3101 quodam
815 3019 1267 3097 Pelethronio;
1341 3020 1421 3085 cf.
1488 3021 1639 3085 Hes.
1705 3012 2187 3108 Πελεθρόνιος·
2214 3012 2250 3083 5

134 3120 415 3208 Χείρων,
485 3114 630 3188 απὸ
696 3146 812 3188 του
880 3121 1346 3210 Πελεθρονίου,
1415 3147 1481 3188 εν
1526 3109 1582 3210 ᾧ
1629 3120 1876 3248 ἐτράφη
1934 3128 1999 3186 et
2044 3121 2246 3189 schol.

130 3225 272 3291 Nic.
321 3223 513 3291 Ther.
563 3233 689 3292 440
709 3231 759 3308 ³)
802 3225 1249 3313 Πελεθρόνιον
1294 3226 1368 3293 δὲ
1410 3224 1622 3305 τόπος
1668 3224 1808 3292 εστὶ
1851 3248 1963 3290 του
1992 3221 2247 3312 Πηλίου

133 3322 478 3415 ανθιόδης.
569 3326 708 3392 Iam
755 3350 907 3394 vero
953 3351 1142 3394 nemo
1188 3350 1320 3394 non
1364 3330 1543 3394 videt
1585 3329 2057 3413 Apollodorum
2102 3350 2247 3393 cum

133 3423 370 3509 ἷίλλους
423 3426 719 3498 αἰτιᾶται
768 3430 1157 3518 ψεύσασθαι
1213 3431 1368 3519 περὶ
1416 3439 1477 3497 Γ
1470 3431 1709 3522 ερήνων
1750 3431 1862 3498 καὶ
1905 3435 2016 3498 τοῦ
2050 3424 2249 3496 Ἀκα-

135 3528 360 3621 κησίου
384 3581 569 3599 .....
617 3532 1068 3624 Πελεθρονίου
1121 3528 1178 3600 δ’
1237 3533 1303 3600 ἐν
1355 3533 1621 3622 Πηλίῳ,
1693 3543 1750 3600 Γ
1742 3531 2120 3601 λαυκωπίου
2187 3529 2244 3599 d’

137 3633 202 3701 ἐν
249 3629 576 3727 ,Ἀθήναις
629 3639 1015 3723 impugnare
1069 3639 1189 3704 has
1258 3640 1711 3724 cognominum
1780 3638 2247 3722 explicationes

278 3897 319 3961 ¹)
355 3895 403 3949 si
439 3894 668 3966 quidem
703 3912 834 3951 vera
867 3900 953 3951 est
986 3896 1260 3967 scriptura
1293 3896 1354 3950 in
1389 3893 1563 3949 schol
1600 3893 1672 3947 D.

284 3983 327 4053 ⁹)
367 3982 437 4036 cf.
473 3981 733 4039 Eustath.
769 3984 891 4051 231,
924 3984 1025 4049 283
1084 3981 1343 4053 Apollod.
1385 3980 1520 4035 bibl.
1556 3979 1605 4047 Ι,
1641 3982 1692 4048 9,
1726 3981 1776 4034 9.
1848 3922 2028 4034 Strab.
2069 3978 2241 4047 VIII,

134 4086 183 4139 p
219 4064 416 4219 Βῗῖ
354 4170 492 4208 vers.
529 4158 616 4208 est
651 4153 836 4221 Πηλίῳ
871 4163 932 4206 ἐν
966 4174 1018 4206 νι
1000 4153 1120 4224 ιφόε
1122 4174 1208 4205 ντι
1251 4159 1327 4205 Πε
1328 4152 1385 4206 λε
1392 4154 1558 4222 θρόνι
1562 4173 1626 4205 ον
1661 4151 1804 4205 κατὰ
1838 4155 2069 4218 βῆσσαν.
