2969 4832
1491 292 1993 354 -6-..·

623 464 883 526 nostros
926 459 1147 524 iacent
1191 458 1520 542 dispositi.
1596 460 1819 542 Atque
1868 479 2035 543 quae
2084 463 2236 524 ante
2283 456 2746 522 Aristarchum,

621 561 952 629 consecuti
998 562 1131 626 sint
1174 563 1239 626 in
1286 562 1569 628 Homero
1618 561 2017 627 recensendo
2063 565 2129 626 et
2175 559 2564 645 explicando
2610 559 2740 624 viri

620 665 817 743 docti,
865 664 989 730 etsi
1039 666 1298 730 omnino
1347 664 1731 730 obscuriora
1777 672 1961 745 sunt,
2030 669 2249 728 tamen
2318 683 2446 728 non
2493 656 2742 728 desu'nt

624 768 738 852 qui
784 768 851 832 in
909 767 1079 834 hanc
1135 767 1588 852 quaestionem
1649 766 2103 832 illustrandam
2163 786 2428 851 operam
2482 766 2739 848 impen-

623 871 864 938 derint.
955 869 1061 936 Sic
1093 872 1501 954 Augustus
1546 869 1953 936 Nauckius
1997 869 2453 954 Aristophanis
2482 869 2741 953 Byzan-

620 974 698 1039 tii
745 994 931 1039 curas
977 973 1242 1057 collegit
1287 973 1477 1038 Halis
1538 980 1731 1050 1848;
1777 971 2267 1057 Mayhoffius
2325 972 2590 1057 scripsit
2634 972 2737 1036 De

624 1077 860 1142 Rhiani
908 1076 1142 1141 studiis
1188 1076 1557 1142 Homericis
1605 1076 1840 1144 Dresd.
1878 1082 2077 1152 18693
2122 1073 2463 1160 Apollonii
2493 1073 2739 1138 Rhodii

622 1179 843 1245 studia
915 1180 985 1245 in
1058 1180 1345 1245 Homero
1421 1178 1747 1245 collocata
1818 1178 2205 1244 monstravit
2267 1176 2742 1262 Rudolphus

623 1282 1056 1349 Merkelius
1100 1283 1170 1347 in
1213 1281 1693 1368 prolegomenis
1737 1280 1823 1348 ad
1857 1280 2068 1367 Apoll.
2099 1281 2304 1347 Rhod.
2335 1281 2510 1365 Lips.
2546 1285 2740 1360 1854,

622 1390 823 1469 atque
890 1392 1211 1470 quantum
1271 1385 1359 1450 ad
1413 1383 1759 1453 verborum
1829 1383 2363 1468 significationem
2430 1383 2740 1468 pertinet,

623 1488 766 1571 egit
824 1488 1216 1572 praesertim
1282 1488 1350 1552 in
1410 1486 1565 1553 libri
1617 1487 1701 1556 Π.
1757 1508 1900 1572 cap.
1951 1494 2007 1555 3.
2093 1489 2447 1554 Praeterea
2512 1490 2738 1550 autem

624 1611 837 1674 pauca
882 1592 1109 1656 attulit
1154 1611 1361 1676 nuper
1403 1591 1476 1658 R.
1523 1591 1590 1660 C.
1640 1590 1929 1656 Seaton
1973 1591 2040 1655 in
2085 1590 2360 1657 Journal
2406 1589 2480 1654 of
2516 1587 2739 1654 Philo-

626 1693 779 1777 logy
824 1694 975 1759 XIX
1027 1702 1186 1763 1891
1222 1716 1282 1780 p.
1334 1702 1365 1761 1
1403 1714 1549 1778 sqq.
1590 1714 1673 1759 on
1719 1693 1830 1759 the
1876 1693 2202 1759 imitation
2249 1693 2322 1759 of
2360 1693 2605 1757 Homer
2648 1692 2741 1775 by

625 1801 742 1880 Ap.
793 1796 913 1861 Rh.
988 1797 1171 1863 Idem
1207 1796 1601 1881 Apollonius
1648 1796 1805 1880 quid
1853 1797 1935 1862 de
1980 1796 2298 1863 Zenodoti
2344 1795 2740 1862 lectionibus

622 1898 1067 1981 iudicavisset,
1113 1899 1376 1984 collegit
1418 1899 1756 1965 Ioannes
1803 1899 2223 1966 Michaelis
2267 1901 2365 1965 De
2398 1897 2739 1984 Apollonii

624 2001 867 2067 Rhodii
940 2003 1327 2087 fragmentis
1400 2002 1585 2067 Halis
1654 2004 1983 2070 Saxonum
2058 2010 2219 2071 1875
2286 2024 2394 2087 pp.
2460 2007 2739 2069 23—40.

622 2105 700 2169 In
766 2105 1087 2173 Zenodoti
1162 2111 1382 2172 autem
1448 2101 1814 2193 διόρθωσιν
1879 2106 2395 2190 cognoscendam
2470 2125 2737 2190 operam

626 2208 1048 2276 contulerunt
1112 2210 1610 2274 Duentzerus
1679 2210 1775 2274 De
1832 2209 2155 2274 Zenodoti
2211 2208 2450 2274 studiis
2496 2209 2735 2273 Home-

625 2312 777 2377 ricis
824 2312 1116 2396 Gotting.
1168 2320 1350 2394 1848,
1406 2313 1835 2378 Roemerus
1881 2303 2064 2378 Uber
2118 2312 2224 2378 die
2267 2312 2737 2377 Homerrecen·

625 2418 766 2481 sion
812 2415 926 2482 des
971 2415 1283 2497 Zenodot‚
1327 2414 1626 2481 Monach.
1676 2422 1861 2494 1885,
1909 2414 2025 2480 alii
2074 2437 2239 2501 quos
2285 2415 2459 2500 apud
2490 2414 2735 2483 Micha-

625 2518 777 2584 elim
834 2518 875 2588 l.
931 2519 974 2587 l.
1046 2542 1108 2604 p.
1183 2526 1280 2600 18,
1327 2529 1366 2586 2
1435 2519 1727 2585 invenies
1794 2519 2049 2585 allatos.
2160 2520 2449 2604 Longius
2516 2523 2737 2584 autem

625 2643 962 2706 regressus
1009 2630 1110 2689 est
1151 2621 1742 2690 Maximilianus
1788 2621 2375 2688 Bodenheimer
2420 2622 2535 2707 qui
2578 2621 2737 2687 scri-

627 2726 758 2809 psit
779 2724 877 2789 De
902 2725 1292 2791 Homericae
1322 2725 1891 2810 interpretationis
1924 2725 2420 2810 antiquissimae
2450 2725 2739 2809 vestigiis

626 2827 986 2909 nonnullis,
1047 2815 1471 2912 Argentorati
1522 2835 1716 2911 1890,
1783 2849 1917 2913 qua
1961 2828 2031 2893 in
2076 2829 2625 2895 commentatione
2668 2828 2736 2894 id

627 2931 789 3014 egit,
857 2937 931 2997 ut
996 2932 1508 3013 demonstraret,
1578 2951 1708 3014 quo
1776 2932 1972 2997 modo
2040 2931 2431 3016 praesertim
2499 2937 2737 3017 poetae

629 3034 864 3119 tragici
938 3034 1354 3119 interpretati
1432 3040 1657 3101 essent
1719 3034 2162 3101 reconditiora
2224 3034 2543 3101 vocabula
2606 3032 2738 3101 Ho-

627 3138 886 3207 merica.
1898 3157 1904 3162 ·

799 3240 1237 3309 Callimachus
1269 3247 1491 3308 autem
1522 3241 1622 3308 vir
1650 3242 1826 3306 omni
1857 3241 2161 3308 doctrina
2190 3241 2536 3308 abundans
2568 3262 2738 3327 quae

627 3343 918 3411 effecerit
961 3344 1028 3408 in
1076 3345 1366 3411 Homero
1415 3344 1807 3429 explicando
1853 3344 2142 3411 nondum
2198 3344 2408 3411 fusius
2452 3350 2740 3411 tractata

627 3452 797 3517 sunt.
885 3447 1044 3533 Egit
1099 3469 1256 3514 sane
1311 3449 1646 3514 Aulinus
1700 3448 1767 3513 in
1839 3448 2301 3515 dissertatione
2363 3448 2739 3533 Upsaliensi

625 3551 724 3617 De
790 3554 1155 3618 elocutione
1214 3551 1599 3618 Callimachi
1665 3552 1916 3637 scripta
1974 3559 2139 3621 1856
2197 3574 2257 3637 p.
2310 3558 2387 3620 18
2444 3572 2589 3636 sqq.
2656 3550 2739 3617 de

625 3654 895 3720 Homeri
941 3654 1341 3736 imitatione,
1412 3654 1529 3720 sed
1572 3654 1754 3719 locos
1786 3654 1914 3719 ‘ille
1959 3654 2225 3739 quidem
2279 3654 2736 3721 tantummodo

625 3756 855 3823 attulit
900 3757 1266 3841 nonnu1108,
1313 3758 1427 3823 ubi
1471 3757 1632 3825 Call.
1666 3777 1813 3822 eum
1857 3757 2155 3823 imitatus
2203 3763 2318 3839 est,
2365 3778 2494 3823 non
2539 3778 2738 3841 quae-

626 3860 801 3940 sivit,
846 3860 1084 3945 quibus
1129 3861 1342 3926 causis
1389 3865 1755 3926 commotus
1800 3866 1916 3926 aut
1962 3882 2096 3944 qua
2139 3862 2394 3928 ratione
2437 3861 2737 3927 imitatus

627 3967 821 4038 esset.
912 3964 980 4029 Si
1025 3969 1245 4029 autem
1293 3963 1673 4031 Callimachi
1722 3986 1893 4050 quae
1947 3965 2216 4031 fortuna
2268 3965 2553 4030 servavit
2597 3985 2738 4030 car-

626 4066 804 4131 mina
849 4066 1344 4152 perlustramus,
1392 4068 1631 4134 iterum
1674 4072 1876 4152 atque
1919 4068 2158 4135 iterum
2190 4073 2486 4153 apparet,
2534 4090 2739 4152 quan·
