2969 4832
1026 324 1448 384 ...25-

358 481 577 570 δεξιὸς
622 484 952 578 οἰκιστῆρι
997 487 1101 552 καὶ
1151 480 1373 581 (ἶν’,ιςοσε
1419 483 1630 569 τείχεα
1675 483 1914 553 διόσειν

357 586 695 682 ἡμετέροις
736 590 1114 676 βασιλεῦσιν
1141 611 1155 626 ·
1181 582 1284 655 ἇεὶ
1330 585 1397 655 δ’
1443 581 1696 677 εῗὶορκος
1741 586 2105 658 Ἀπόλλων.

195 694 418 760 melius
450 714 520 759 se
566 693 785 774 habet,
833 696 887 760 si
933 699 1187 777 spectat
1229 714 1386 775 rem,
1436 715 1605 778 quae
1653 701 1831 759 certo
1879 715 2030 759 mox
2074 694 2299 758 futura

194 799 292 877 sit,
337 817 470 862 non
515 818 685 880 quae
731 798 862 862 iam
908 798 1088 862 facta
1134 798 1241 862 sit.
1314 799 1495 877 Quae
1540 818 1688 862 cum
1733 798 1830 862 ita
1878 819 1947 862 se
1994 797 2295 876 habeant,

193 900 544 966 verisimile
590 907 692 967 est
734 899 1150 985 Apollonium
1199 901 1346 965 iam·
1377 900 1665 965 exsulem
1709 899 1911 965 fuisse
1973 907 2126 964 ante
2182 920 2297 962 an-

195 1025 344 1067 num
392 1011 550 1085 263;
605 1005 832 1088 itaque
878 1004 1096 1087 potuit
1141 1001 1579 1069 Callimachus
1624 1019 1815 1068 nosse
1862 1003 2301 1087 Argonautica

195 1128 334 1171 cum
380 1107 702 1172 scriberet
761 1106 1067 1190 hymnum
1115 1106 1180 1170 in
1232 1106 1508 1170 Dianam
1561 1126 1963 1189 pravamque
2022 1107 2295 1171 formam

194 1213 361 1276 ναῖεν
406 1209 806 1293 exprobrare
862 1209 1225 1304 ApolloniO.
1314 1209 1608 1273 Eandem
1655 1209 1861 1293 igitur
1906 1210 2298 1292 scripturam

196 1313 614 1378 Aristarchus
660 1318 888 1396 postea
932 1311 1280 1395 recepit'et
1325 1332 1444 1377 sua
1490 1313 1882 1378 auctoritate
1929 1314 2136 1377 tuitus
2182 1317 2297 1376 est.

363 1415 490 1481 Sed
546 1422 621 1480 ut
674 1416 759 1481 ad
827 1416 1232 1500 propositum
1285 1407 1619 1497 revertar,
1687 1417 1744 1480 si
1797 1409 2085 1482 revera
2138 1414 2297 1482 Call.

192 1520 524 1585 locutione
572 1516 685 1585 δύο
726 1517 848 1603 μὲν
891 1515 1085 1598 κύνας
1130 1513 1332 1608 ἥμισυ
1379 1516 1630 1606 πηγούς
1688 1511 1939 1603 eisqui
1994 1518 2299 1602 legebant

189 1624 256 1686 in
300 1623 681 1688 memoriam
724 1642 1036 1687 revocare
1081 1621 1288 1686 voluit
1334 1621 1604 1687 Homeri
1650 1619 1761 1688 δύο
1802 1646 1841 1687 τ
1868 1616 1887 1641 ’
1922 1614 2143 1711 ἤματα
2186 1618 2301 1686 mi·-

189 1749 348 1809 ματι
403 1728 624 1813 πηγῷ,
694 1725 876 1789 illum
945 1728 1140 1812 πηγῷ
1207 1724 1525 1790 vocabulo
1592 1726 1904 1791 tribuisse
1971 1723 2298 1807 significa-

190 1830 435 1894 tionem
482 1828 692 1911 nigri
736 1828 896 1892 mihi
939 1848 1329 1911 persuasum
1375 1835 1494 1908 est,
1539 1849 1684 1893 cum
1730 1828 1904 1912 apud
1943 1828 2297 1892 Homerum

193 1935 366 2015 κῦμα
412 1927 623 2018 πηγόν
667 1931 1143 2015 interpretatus
1199 1936 1376 1996 esset
1422 1932 1562 1997 sine
1618 1932 1817 1997 dubio
1872 1931 2127 2014 nigram
2181 1953 2299 1995 un-

192 2036 359 2114 dam,
408 2055 538 2100 non
582 2033 831 2115 albam3
877 2054 1091 2117 neque
1138 2034 1310 2099 enim
1355 2054 1640 2118 unquam
1675 2034 1962 2100 Homero
1994 2034 2168 2099 unda
2200 2040 2300 2099 est

188 2137 365 2217 alba,
410 2138 527 2203 sed
569 2135 861 2204 κελαινόν
891 2140 962 2221 (Ι
995 2146 1054 2218 6,
1096 2137 1154 2205 h.
1191 2139 1307 2221 Ap.
1342 2138 1472 2221 27),
1519 2135 1723 2221 μέλαν
1755 2138 1815 2221 (ε
1851 2144 1991 2217 353,
2036 2142 2102 2202 Ψ
2125 2143 2298 2220 693),

189 2238 570 2328 πορφύρεον
599 2243 708 2325 (A
736 2247 888 2320 482,
928 2245 974 2323 β
1018 2243 1233 2323 4281),
1280 2265 1315 2305 ν
1361 2248 1463 2322 85,
1510 2241 1548 2305 λ
1592 2248 1717 2309 243
1765 2241 1877 2325 al.)
1952 2241 2301 2306 Praeterea

186 2342 436 2428 μέλανα
482 2344 642 2409 dicit
687 2340 927 2411 πόντον
971 2344 1061 2427 (Ω.
1094 2347 1218 2428 79),
1266 2340 1466 2433 φρίκα
1498 2344 1566 2427 (δ
1597 2347 1740 2426 402,
1781 2349 1843 2408 Φ
1878 2348 2046 2426 126),
2088 2339 2297 2408 ὕδατα

187 2449 390 2512 maris
437 2451 510 2532 (μ
548 2453 719 2530 104),
760 2446 1102 2513 fluviorum
1138 2453 1227 2529 (Β
1256 2456 1401 2528 825,
1441 2454 1504 2513 Φ
1533 2456 1708 2530 202),
1751 2448 2024 2513 fontium
2055 2448 2121 2531 (δ
2153 2456 2296 2528 359,

190 2550 227 2631 ζ
270 2558 375 2630 91,
424 2575 460 2615 ν
504 2559 649 2632 409,
695 2558 774 2617 Π
812 2555 976 2635 161).
1052 2551 1129 2620 cf.
1177 2553 1446 2617 Ameisii
1492 2551 1923 2636 appendicem
1969 2550 2056 2616 ad
2101 2551 2141 2616 δ
2173 2559 2295 2618 359

186 2661 254 2719 et
296 2652 505 2720 schol.
550 2653 661 2718 BL
708 2655 792 2719 ad
838 2660 880 2720 I
923 2662 1043 2723 124
1090 2677 1152 2739 p.
1205 2663 1282 2723 15
1330 2659 1631 2719 notatum
1679 2660 1746 2720 et
1791 2655 1876 2720 acl
1915 2661 1983 2719 T
2021 2662 2140 2722 197
2186 2652 2296 2719 καὶ

184 2749 263 2822 τὸ
307 2759 482 2841 κῦμα
528 2755 602 2822 δὲ
647 2748 1064 2846 άντιφράζων
1110 2753 1222 2824 ὁτὲ
1263 2757 1384 2841 μὲν
1430 2754 1666 2842 κύματι
1712 2760 1900 2846 πηγῷ
1946 2754 2136 2843 λέγει,
2186 2751 2295 2822 ὁτὲ

187 2859 261 2926 δὲ
305 2857 517 2944 μέλαν
557 2858 630 2927 τέ
675 2855 708 2926 ἑ
752 2865 924 2945 κῦμα
967 2859 1276 2948 κάλυψεν.

962 3049 1076 3118 ΠΙ.
1130 3057 1267 3117 112.
1312 3047 1530 3134 κεμάς.

385 3160 497 3232 Ἐν
543 3161 601 3233 δ’
648 3166 876 3252 ἐβάλευ
915 3166 1205 3256 χρύσεια,
1252 3169 1400 3258 θέη,
1448 3168 1804 3255 κεμάδεσσι
1851 3165 2094 3252 χαλινά.

185 3271 597 3338 Vocabulum
640 3269 895 3358 κεμάδα
940 3274 1161 3337 hausit
1207 3295 1287 3339 ex
1333 3273 1521 3338 Hom.
1569 3280 1637 3339 K
1684 3279 1801 3341 361

362 3368 451 3454 ὥς
498 3367 555 3440 δ’
602 3370 710 3442 ὅτε
753 3373 1220 3465 καρχαρόδοντε
1265 3374 1394 3442 δύω
1439 3371 1602 3456 κύνε,
1648 3372 1860 3443 εἰδότε
1904 3373 2140 3466 θήρης,

361 3470 403 3569 ἢ
448 3473 675 3562 κεμάδ’
723 3473 802 3570 ἠὲ
846 3478 1101 3566 λαγωὸν
1146 3477 1480 3567 ἐπείγετον
1523 3463 1798 3564 ἐμμενὲς
1842 3475 1975 3544 αἰεί
2016 3479 2148 3544 κτλ.

192 3581 377 3645 cuius
421 3581 505 3646 de
550 3582 613 3645 vi
658 3576 1139 3649 dissentiebant
1182 3583 1623 3668 grammatici,
1695 3603 1839 3648 cum
1898 3581 2138 3647 alteri
2200 3580 2294 3644 in-

193 3684 587 3768 tellegerent
632 3706 967 3768 cervam,
1035 3688 1276 3753 alteri
1343 3706 1723 3771 capream.
1815 3684 1895 3754 cf.
1944 3707 1998 3752 e.
2041 3705 2097 3768 g.
2144 3683 2293 3747 Hes.

192 3784 392 3872 κεμάς
421 3809 437 3824 ·
469 3787 717 3876 νεογνὸς
783 3791 907 3875 (sic
972 3789 1305 3855 Nauckius
1372 3787 1701 3872 Aristoph.
1769 3788 1919 3872 Byz.
1975 3809 2038 3870 p.
2092 3794 2211 3854 123
2261 3807 2295 3849 e

195 3889 391 3956 schol.
433 3890 486 3956 O
534 3892 619 3958 ad
673 3899 742 3959 K
788 3900 905 3962 361
959 3900 1025 3958 et
1089 3894 1300 3978 Etym.
1345 3892 1562 3977 Magn.
1613 3898 1755 3972 503,
1806 3898 1841 3959 3
1889 3891 2001 3975 qui
2067 3888 2297 3955 eadem

335 4119 374 4182 ι)
409 4116 578 4174 schol.
605 4104 667 4172 Ἐ
700 4117 888 4188 μέλαν.
