<?xml version="1.0" encoding="UTF-8"?>
<!DOCTYPE html PUBLIC "-//W3C//DTD XHTML 1.0 Transitional//EN"
    "http://www.w3.org/TR/xhtml1/DTD/xhtml1-transitional.dtd">
<html xmlns="http://www.w3.org/1999/xhtml" xml:lang="en" lang="en">
 <head>
  <title>
</title>
<meta http-equiv="Content-Type" content="text/html;charset=utf-8" />
  <meta name='ocr-system' content='tesseract 3.04.00' />
  <meta name='ocr-capabilities' content='ocr_page ocr_carea ocr_par ocr_line ocrx_word'/>
</head>
<body>
  <div class='ocr_page' id='page_1' title='image "./decallimachohom00iangoog_0103.png"; bbox 0 0 2969 4832; ppageno 0'>
   <div class='ocr_carea' id='block_1_1' title="bbox 971 380 1440 441">
    <p class='ocr_par' dir='ltr' id='par_1_1' title="bbox 971 380 1440 441">
     <span class='ocr_line' id='line_1_1' title="bbox 971 380 1440 441; baseline 0.002 -1"><span class='ocrx_word' id='word_1_1' title='bbox 971 380 1440 441; x_wconf 88' lang='lat'>—101—</span> 
     </span>
    </p>
   </div>
   <div class='ocr_carea' id='block_1_2' title="bbox 163 537 2258 837">
    <p class='ocr_par' dir='ltr' id='par_1_2' title="bbox 163 537 2256 837">
     <span class='ocr_line' id='line_1_2' title="bbox 169 537 2256 665; baseline 0.004 -61"><span class='ocrx_word' id='word_1_2' title='bbox 169 567 201 630; x_wconf 86' lang='lat' dir='ltr'>r</span> <span class='ocrx_word' id='word_1_3' title='bbox 246 539 356 630; x_wconf 81' lang='grc' dir='ltr'>τὴν</span> <span class='ocrx_word' id='word_1_4' title='bbox 396 537 683 633; x_wconf 76' lang='grc' dir='ltr'><em>ἁπαλὴν,</em></span> <span class='ocrx_word' id='word_1_5' title='bbox 730 568 817 622; x_wconf 83' lang='grc' dir='ltr'>ως</span> <span class='ocrx_word' id='word_1_6' title='bbox 862 542 1365 665; x_wconf 79' lang='grc' dir='ltr'><em>προγέγραπται</em></span> <span class='ocrx_word' id='word_1_7' title='bbox 1410 540 1709 628; x_wconf 75' lang='grc' dir='ltr'><em>ἀλλαχοῦ,</em></span> <span class='ocrx_word' id='word_1_8' title='bbox 1757 539 1797 637; x_wconf 75' lang='grc' dir='ltr'>ἢ</span> <span class='ocrx_word' id='word_1_9' title='bbox 1836 540 1955 637; x_wconf 80' lang='grc' dir='ltr'>τὴν</span> <span class='ocrx_word' id='word_1_10' title='bbox 1994 548 2256 632; x_wconf 84' lang='grc' dir='ltr'><em>μαλλω-</em></span> 
     </span>
     <span class='ocr_line' id='line_1_3' title="bbox 163 636 2258 734; baseline 0.004 -26"><span class='ocrx_word' id='word_1_11' title='bbox 163 636 275 734; x_wconf 77' lang='grc' dir='ltr'>τῆν</span> <span class='ocrx_word' id='word_1_12' title='bbox 313 644 421 711; x_wconf 82' lang='grc' dir='ltr'>καὶ</span> <span class='ocrx_word' id='word_1_13' title='bbox 467 644 749 733; x_wconf 80' lang='grc' dir='ltr'><em>τριχωδη</em></span> <span class='ocrx_word' id='word_1_14' title='bbox 793 640 962 713; x_wconf 64' lang='grc' dir='ltr'>κατὰ</span> <span class='ocrx_word' id='word_1_15' title='bbox 1003 645 1156 727; x_wconf 77' lang='grc' dir='ltr'><em>τοὺς</em></span> <span class='ocrx_word' id='word_1_16' title='bbox 1202 648 1545 728; x_wconf 74' lang='grc' dir='ltr'><em>παλαιοίς.</em></span> <span class='ocrx_word' id='word_1_17' title='bbox 1663 649 1957 717; x_wconf 86' lang='lat' dir='ltr'><strong>Priorem</strong></span> <span class='ocrx_word' id='word_1_18' title='bbox 2001 657 2258 718; x_wconf 83' lang='lat' dir='ltr'>senten-</span> 
     </span>
     <span class='ocr_line' id='line_1_4' title="bbox 164 747 1949 837; baseline 0.005 -26"><span class='ocrx_word' id='word_1_19' title='bbox 164 748 317 811; x_wconf 84' lang='lat' dir='ltr'>tiam</span> <span class='ocrx_word' id='word_1_20' title='bbox 361 747 731 832; x_wconf 87' lang='lat' dir='ltr'>amplexum</span> <span class='ocrx_word' id='word_1_21' title='bbox 779 770 919 814; x_wconf 89' lang='lat' dir='ltr'>esse</span> <span class='ocrx_word' id='word_1_22' title='bbox 967 749 1441 817; x_wconf 79' lang='lat' dir='ltr'>Callimachum</span> <span class='ocrx_word' id='word_1_23' title='bbox 1486 758 1788 837; x_wconf 81' lang='lat' dir='ltr'>apertum</span> <span class='ocrx_word' id='word_1_24' title='bbox 1832 758 1949 819; x_wconf 83' lang='lat' dir='ltr'>est.</span> 
     </span>
    </p>
   </div>
   <div class='ocr_carea' id='block_1_3' title="bbox 990 1037 1409 1046">
    <p class='ocr_par' dir='ltr' id='par_1_3' title="bbox 990 1037 1409 1046">
     <span class='ocr_line' id='line_1_5' title="bbox 990 1037 1409 1046; baseline 0.002 -2"><span class='ocrx_word' id='word_1_25' title='bbox 990 1037 1409 1046; x_wconf 84' lang='lat'>——</span> 
     </span>
    </p>
   </div>
   <div class='ocr_carea' id='block_1_4' title="bbox 159 1258 2260 1555">
    <p class='ocr_par' dir='ltr' id='par_1_4' title="bbox 159 1258 2260 1555">
     <span class='ocr_line' id='line_1_6' title="bbox 323 1258 2260 1346; baseline 0.001 -22"><span class='ocrx_word' id='word_1_26' title='bbox 323 1258 409 1324; x_wconf 89' lang='lat' dir='ltr'>Ut</span> <span class='ocrx_word' id='word_1_27' title='bbox 451 1260 516 1322; x_wconf 91' lang='lat' dir='ltr'>in</span> <span class='ocrx_word' id='word_1_28' title='bbox 564 1259 663 1323; x_wconf 90' lang='lat' dir='ltr'>his</span> <span class='ocrx_word' id='word_1_29' title='bbox 708 1258 872 1324; x_wconf 91' lang='lat' dir='ltr'>locis</span> <span class='ocrx_word' id='word_1_30' title='bbox 905 1280 940 1324; x_wconf 95' lang='lat' dir='ltr'>e</span> <span class='ocrx_word' id='word_1_31' title='bbox 976 1258 1365 1326; x_wconf 79' lang='lat' dir='ltr'>Callimachi</span> <span class='ocrx_word' id='word_1_32' title='bbox 1411 1259 1628 1326; x_wconf 85' lang='lat' dir='ltr'>verbis</span> <span class='ocrx_word' id='word_1_33' title='bbox 1674 1260 1972 1328; x_wconf 89' lang='lat' dir='ltr'>concludi</span> <span class='ocrx_word' id='word_1_34' title='bbox 2018 1266 2260 1346; x_wconf 79' lang='lat' dir='ltr'>potest,</span> 
     </span>
     <span class='ocr_line' id='line_1_7' title="bbox 159 1359 2256 1445; baseline 0.006 -22"><span class='ocrx_word' id='word_1_35' title='bbox 159 1359 314 1442; x_wconf 89' lang='lat' dir='ltr'>quid</span> <span class='ocrx_word' id='word_1_36' title='bbox 356 1360 470 1426; x_wconf 91' lang='lat' dir='ltr'>ille</span> <span class='ocrx_word' id='word_1_37' title='bbox 514 1361 753 1445; x_wconf 83' lang='lat' dir='ltr'>legerit</span> <span class='ocrx_word' id='word_1_38' title='bbox 799 1361 975 1445; x_wconf 89' lang='lat' dir='ltr'>apud</span> <span class='ocrx_word' id='word_1_39' title='bbox 1018 1361 1397 1442; x_wconf 79' lang='lat' dir='ltr'>Homerum,</span> <span class='ocrx_word' id='word_1_40' title='bbox 1441 1364 1539 1429; x_wconf 88' lang='lat' dir='ltr'>ita</span> <span class='ocrx_word' id='word_1_41' title='bbox 1582 1363 1730 1429; x_wconf 88' lang='lat' dir='ltr'>aliis</span> <span class='ocrx_word' id='word_1_42' title='bbox 1772 1364 1935 1430; x_wconf 87' lang='lat' dir='ltr'>locis</span> <span class='ocrx_word' id='word_1_43' title='bbox 1981 1385 2077 1435; x_wconf 85' lang='lat' dir='ltr'>ex</span> <span class='ocrx_word' id='word_1_44' title='bbox 2110 1364 2256 1434; x_wconf 87' lang='lat' dir='ltr'>Ho-</span> 
     </span>
     <span class='ocr_line' id='line_1_8' title="bbox 160 1464 2257 1555; baseline 0.003 -23"><span class='ocrx_word' id='word_1_45' title='bbox 160 1465 339 1532; x_wconf 83' lang='lat' dir='ltr'>meri</span> <span class='ocrx_word' id='word_1_46' title='bbox 398 1467 622 1535; x_wconf 80' lang='lat' dir='ltr'>textu</span> <span class='ocrx_word' id='word_1_47' title='bbox 692 1468 911 1549; x_wconf 82' lang='lat' dir='ltr'>potest</span> <span class='ocrx_word' id='word_1_48' title='bbox 957 1464 1400 1538; x_wconf 90' lang='lat' dir='ltr'>Callimachi</span> <span class='ocrx_word' id='word_1_49' title='bbox 1465 1467 1855 1555; x_wconf 79' lang='lat' dir='ltr'>scriptura</span> <span class='ocrx_word' id='word_1_50' title='bbox 1924 1471 2059 1539; x_wconf 79' lang='lat' dir='ltr'>aut</span> <span class='ocrx_word' id='word_1_51' title='bbox 2123 1487 2257 1538; x_wconf 85' lang='lat' dir='ltr'>ex-</span> 
     </span>
    </p>
   </div>
   <div class='ocr_carea' id='block_1_5' title="bbox 159 1566 2255 1759">
    <p class='ocr_par' dir='ltr' id='par_1_5' title="bbox 159 1566 2255 1759">
     <span class='ocr_line' id='line_1_9' title="bbox 159 1566 2255 1655; baseline -0 -20"><span class='ocrx_word' id='word_1_52' title='bbox 159 1566 422 1652; x_wconf 83' lang='lat' dir='ltr'>plicari</span> <span class='ocrx_word' id='word_1_53' title='bbox 479 1570 615 1638; x_wconf 79' lang='lat' dir='ltr'>aut</span> <span class='ocrx_word' id='word_1_54' title='bbox 668 1567 978 1639; x_wconf 83' lang='lat' dir='ltr'>defendi</span> <span class='ocrx_word' id='word_1_55' title='bbox 1034 1571 1171 1639; x_wconf 79' lang='lat' dir='ltr'>aut</span> <span class='ocrx_word' id='word_1_56' title='bbox 1224 1571 1556 1641; x_wconf 78' lang='lat' dir='ltr'>restitui.</span> <span class='ocrx_word' id='word_1_57' title='bbox 1645 1570 1723 1636; x_wconf 91' lang='lat' dir='ltr'>ld</span> <span class='ocrx_word' id='word_1_58' title='bbox 1772 1569 1945 1655; x_wconf 86' lang='lat' dir='ltr'>quod</span> <span class='ocrx_word' id='word_1_59' title='bbox 1992 1571 2128 1636; x_wconf 87' lang='lat' dir='ltr'>iam</span> <span class='ocrx_word' id='word_1_60' title='bbox 2158 1568 2255 1634; x_wconf 84' lang='lat' dir='ltr'>fa-</span> 
     </span>
     <span class='ocr_line' id='line_1_10' title="bbox 159 1669 1897 1759; baseline 0.006 -27"><span class='ocrx_word' id='word_1_61' title='bbox 159 1672 323 1733; x_wconf 80' lang='lat' dir='ltr'>ctum</span> <span class='ocrx_word' id='word_1_62' title='bbox 371 1674 475 1734; x_wconf 79' lang='lat' dir='ltr'>est</span> <span class='ocrx_word' id='word_1_63' title='bbox 516 1670 630 1737; x_wconf 91' lang='lat' dir='ltr'><strong>III.</strong></span> <span class='ocrx_word' id='word_1_64' title='bbox 677 1677 804 1739; x_wconf 77' lang='lat'>240</span> <span class='ocrx_word' id='word_1_65' title='bbox 851 1670 936 1735; x_wconf 87' lang='lat' dir='ltr'>ad</span> <span class='ocrx_word' id='word_1_66' title='bbox 981 1691 1203 1736; x_wconf 84' lang='lat' dir='ltr'>vocem</span> <span class='ocrx_word' id='word_1_67' title='bbox 1249 1669 1507 1759; x_wconf 84' lang='grc' dir='ltr'><em>πρύλιν,</em></span> <span class='ocrx_word' id='word_1_68' title='bbox 1554 1674 1635 1739; x_wconf 88' lang='lat' dir='ltr'>cf.</span> <span class='ocrx_word' id='word_1_69' title='bbox 1682 1696 1744 1758; x_wconf 86' lang='lat' dir='ltr'>p.</span> <span class='ocrx_word' id='word_1_70' title='bbox 1793 1681 1897 1743; x_wconf 77' lang='lat'>27.</span> 
     </span>
    </p>
   </div>
   <div class='ocr_carea' id='block_1_6' title="bbox 799 1885 1596 1977">
    <p class='ocr_par' dir='ltr' id='par_1_6' title="bbox 799 1885 1596 1977">
     <span class='ocr_line' id='line_1_11' title="bbox 799 1885 1596 1977; baseline 0.003 -18"><span class='ocrx_word' id='word_1_71' title='bbox 799 1894 880 1959; x_wconf 91' lang='lat' dir='ltr'>II.</span> <span class='ocrx_word' id='word_1_72' title='bbox 930 1900 1029 1961; x_wconf 89' lang='grc'>70.</span> <span class='ocrx_word' id='word_1_73' title='bbox 1076 1885 1323 1977; x_wconf 62' lang='grc' dir='ltr'><em>οὔνομα</em></span> <span class='ocrx_word' id='word_1_74' title='bbox 1367 1892 1596 1961; x_wconf 84' lang='grc' dir='ltr'><em>πουλύ.</em></span> 
     </span>
    </p>
   </div>
   <div class='ocr_carea' id='block_1_7' title="bbox 151 2013 2259 3777">
    <p class='ocr_par' dir='ltr' id='par_1_7' title="bbox 346 2013 2203 2318">
     <span class='ocr_line' id='line_1_12' title="bbox 346 2013 1911 2111; baseline 0.003 -25"><span class='ocrx_word' id='word_1_75' title='bbox 346 2013 696 2104; x_wconf 77' lang='grc' dir='ltr'><em>’Ὡπολλον,</em></span> <span class='ocrx_word' id='word_1_76' title='bbox 745 2019 979 2089; x_wconf 84' lang='grc' dir='ltr'><em>πολλοί</em></span> <span class='ocrx_word' id='word_1_77' title='bbox 1024 2044 1097 2088; x_wconf 80' lang='grc' dir='ltr'>σε</span> <span class='ocrx_word' id='word_1_78' title='bbox 1146 2020 1551 2111; x_wconf 80' lang='grc' dir='ltr'><em>Βοηδρόμιον</em></span> <span class='ocrx_word' id='word_1_79' title='bbox 1592 2022 1911 2104; x_wconf 77' lang='grc' dir='ltr'><em>καλέουσι,</em></span> 
     </span>
     <span class='ocr_line' id='line_1_13' title="bbox 364 2119 2203 2214; baseline 0.003 -25"><span class='ocrx_word' id='word_1_80' title='bbox 364 2125 595 2192; x_wconf 79' lang='grc' dir='ltr'><em>πολλοὶ</em></span> <span class='ocrx_word' id='word_1_81' title='bbox 641 2125 716 2192; x_wconf 79' lang='grc' dir='ltr'>δὲ</span> <span class='ocrx_word' id='word_1_82' title='bbox 762 2124 1077 2213; x_wconf 81' lang='grc' dir='ltr'><em>Κλάριον,</em></span> <span class='ocrx_word' id='word_1_83' title='bbox 1125 2122 1343 2214; x_wconf 82' lang='grc' dir='ltr'><em>πάντη</em></span> <span class='ocrx_word' id='word_1_84' title='bbox 1390 2125 1466 2193; x_wconf 81' lang='grc' dir='ltr'>δέ</span> <span class='ocrx_word' id='word_1_85' title='bbox 1508 2151 1617 2193; x_wconf 87' lang='grc' dir='ltr'>τοι</span> <span class='ocrx_word' id='word_1_86' title='bbox 1660 2119 1904 2211; x_wconf 55' lang='grc' dir='ltr'><em>οὔνομα</em></span> <span class='ocrx_word' id='word_1_87' title='bbox 1949 2126 2163 2194; x_wconf 83' lang='grc' dir='ltr'><em>πουλύ</em></span> <span class='ocrx_word' id='word_1_88' title='bbox 2185 2177 2203 2194; x_wconf 92' lang='grc'><strong>.</strong></span> 
     </span>
     <span class='ocr_line' id='line_1_14' title="bbox 360 2222 1931 2318; baseline 0.001 -24"><span class='ocrx_word' id='word_1_89' title='bbox 360 2222 564 2318; x_wconf 77' lang='grc' dir='ltr'><em>αὐτὰρ</em></span> <span class='ocrx_word' id='word_1_90' title='bbox 612 2226 735 2316; x_wconf 76' lang='grc' dir='ltr'>ἐγώ</span> <span class='ocrx_word' id='word_1_91' title='bbox 780 2232 1098 2314; x_wconf 80' lang='grc' dir='ltr'><em>Καρνεῖον</em></span> <span class='ocrx_word' id='word_1_92' title='bbox 1121 2279 1135 2293; x_wconf 97' lang='grc'><strong>.</strong></span> <span class='ocrx_word' id='word_1_93' title='bbox 1161 2227 1310 2313; x_wconf 80' lang='grc' dir='ltr'><em>ἐμοὶ</em></span> <span class='ocrx_word' id='word_1_94' title='bbox 1354 2233 1695 2316; x_wconf 84' lang='grc' dir='ltr'><em>πατρώιον</em></span> <span class='ocrx_word' id='word_1_95' title='bbox 1741 2225 1931 2296; x_wconf 70' lang='grc' dir='ltr'><em>οὕτω.</em></span> 
     </span>
    </p>

    <p class='ocr_par' dir='ltr' id='par_1_8' title="bbox 151 2349 2259 3777">
     <span class='ocr_line' id='line_1_15' title="bbox 318 2349 2255 2436; baseline 0.001 -22"><span class='ocrx_word' id='word_1_96' title='bbox 318 2350 412 2414; x_wconf 90' lang='lat' dir='ltr'>De</span> <span class='ocrx_word' id='word_1_97' title='bbox 456 2371 512 2420; x_wconf 78' lang='lat' dir='ltr'>v,</span> <span class='ocrx_word' id='word_1_98' title='bbox 564 2358 645 2420; x_wconf 89' lang='lat'>70</span> <span class='ocrx_word' id='word_1_99' title='bbox 690 2349 1127 2418; x_wconf 88' lang='lat' dir='ltr'>Schneiderus</span> <span class='ocrx_word' id='word_1_100' title='bbox 1171 2349 1334 2418; x_wconf 90' lang='lat' dir='ltr'>haec</span> <span class='ocrx_word' id='word_1_101' title='bbox 1382 2349 1578 2416; x_wconf 80' lang='lat' dir='ltr'>dicit:</span> <span class='ocrx_word' id='word_1_102' title='bbox 1629 2352 1799 2430; x_wconf 83' lang='lat' dir='ltr'>Quid</span> <span class='ocrx_word' id='word_1_103' title='bbox 1842 2354 2009 2416; x_wconf 79' lang='lat' dir='ltr'>enim</span> <span class='ocrx_word' id='word_1_104' title='bbox 2054 2354 2255 2436; x_wconf 85' lang='lat' dir='ltr'>impe-</span> 
     </span>
     <span class='ocr_line' id='line_1_16' title="bbox 157 2455 2255 2541; baseline 0.001 -26"><span class='ocrx_word' id='word_1_105' title='bbox 157 2455 259 2534; x_wconf 82' lang='lat' dir='ltr'>dit,</span> <span class='ocrx_word' id='word_1_106' title='bbox 312 2458 467 2539; x_wconf 79' lang='lat' dir='ltr'>quin</span> <span class='ocrx_word' id='word_1_107' title='bbox 516 2456 964 2519; x_wconf 83' lang='lat' dir='ltr'>Callimachum</span> <span class='ocrx_word' id='word_1_108' title='bbox 1021 2456 1093 2519; x_wconf 87' lang='lat' dir='ltr'>de</span> <span class='ocrx_word' id='word_1_109' title='bbox 1147 2458 1283 2519; x_wconf 80' lang='lat' dir='ltr'>sola</span> <span class='ocrx_word' id='word_1_110' title='bbox 1327 2456 1481 2518; x_wconf 86' lang='lat' dir='ltr'>urbe</span> <span class='ocrx_word' id='word_1_111' title='bbox 1538 2455 1730 2519; x_wconf 85' lang='lat' dir='ltr'>Claro</span> <span class='ocrx_word' id='word_1_112' title='bbox 1775 2460 2075 2539; x_wconf 76' lang='lat' dir='ltr'>coyitasse</span> <span class='ocrx_word' id='word_1_113' title='bbox 2109 2476 2255 2541; x_wconf 83' lang='lat' dir='ltr'>pu-</span> 
     </span>
     <span class='ocr_line' id='line_1_17' title="bbox 157 2556 2255 2644; baseline 0.001 -26"><span class='ocrx_word' id='word_1_114' title='bbox 157 2565 378 2637; x_wconf 81' lang='lat' dir='ltr'>temus,</span> <span class='ocrx_word' id='word_1_115' title='bbox 436 2561 504 2621; x_wconf 79' lang='lat' dir='ltr'>in</span> <span class='ocrx_word' id='word_1_116' title='bbox 550 2579 675 2642; x_wconf 84' lang='lat' dir='ltr'>qua</span> <span class='ocrx_word' id='word_1_117' title='bbox 721 2580 760 2622; x_wconf 87' lang='lat' dir='ltr'>a</span> <span class='ocrx_word' id='word_1_118' title='bbox 807 2560 1026 2622; x_wconf 81' lang='lat' dir='ltr'>multis</span> <span class='ocrx_word' id='word_1_119' title='bbox 1071 2556 1361 2644; x_wconf 81' lang='grc' dir='ltr'><em>Κλάριος</em></span> <span class='ocrx_word' id='word_1_120' title='bbox 1416 2564 1829 2640; x_wconf 69' lang='lat' dir='ltr'>nuncupatus</span> <span class='ocrx_word' id='word_1_121' title='bbox 1871 2565 2026 2621; x_wconf 80' lang='lat' dir='ltr'>esset</span> <span class='ocrx_word' id='word_1_122' title='bbox 2080 2559 2255 2639; x_wconf 83' lang='lat' dir='ltr'>deus,</span> 
     </span>
     <span class='ocr_line' id='line_1_18' title="bbox 158 2661 2256 2743; baseline 0 -21"><span class='ocrx_word' id='word_1_123' title='bbox 158 2669 224 2722; x_wconf 83' lang='lat' dir='ltr'>ut</span> <span class='ocrx_word' id='word_1_124' title='bbox 266 2683 417 2725; x_wconf 57' lang='lat' dir='ltr'>‘mom</span> <span class='ocrx_word' id='word_1_125' title='bbox 463 2663 644 2740; x_wconf 83' lang='lat' dir='ltr'>dicit,</span> <span class='ocrx_word' id='word_1_126' title='bbox 699 2662 1052 2743; x_wconf 74' lang='lat' dir='ltr'>ubieunque</span> <span class='ocrx_word' id='word_1_127' title='bbox 1098 2663 1447 2725; x_wconf 79' lang='lat' dir='ltr'><strong><em>celebretur</em></strong></span> <span class='ocrx_word' id='word_1_128' title='bbox 1493 2662 1726 2743; x_wconf 79' lang='lat' dir='ltr'>Apelle,</span> <span class='ocrx_word' id='word_1_129' title='bbox 1770 2682 1809 2723; x_wconf 86' lang='lat' dir='ltr'>a</span> <span class='ocrx_word' id='word_1_130' title='bbox 1856 2661 2072 2724; x_wconf 82' lang='lat' dir='ltr'>multis</span> <span class='ocrx_word' id='word_1_131' title='bbox 2115 2681 2256 2724; x_wconf 83' lang='lat' dir='ltr'>eum</span> 
     </span>
     <span class='ocr_line' id='line_1_19' title="bbox 159 2755 2256 2848; baseline 0.001 -23"><span class='ocrx_word' id='word_1_132' title='bbox 159 2767 457 2828; x_wconf 80' lang='lat' dir='ltr'>celebrari</span> <span class='ocrx_word' id='word_1_133' title='bbox 488 2812 501 2826; x_wconf 91' lang='lat'><strong>.</strong></span> <span class='ocrx_word' id='word_1_134' title='bbox 549 2784 695 2826; x_wconf 79' lang='lat' dir='ltr'>nam</span> <span class='ocrx_word' id='word_1_135' title='bbox 748 2765 859 2826; x_wconf 80' lang='lat' dir='ltr'>hoc</span> <span class='ocrx_word' id='word_1_136' title='bbox 919 2766 1272 2848; x_wconf 75' lang='lat' dir='ltr'>siqnificare</span> <span class='ocrx_word' id='word_1_137' title='bbox 1335 2755 1540 2846; x_wconf 69' lang='grc' dir='ltr'><em>ὄνομα</em></span> <span class='ocrx_word' id='word_1_138' title='bbox 1599 2759 1797 2844; x_wconf 83' lang='grc' dir='ltr'><em>πολύ,</em></span> <span class='ocrx_word' id='word_1_139' title='bbox 1866 2784 1991 2826; x_wconf 79' lang='lat' dir='ltr'>non</span> <span class='ocrx_word' id='word_1_140' title='bbox 2055 2765 2256 2827; x_wconf 84' lang='lat' dir='ltr'>multa</span> 
     </span>
     <span class='ocr_line' id='line_1_20' title="bbox 154 2868 2255 2951; baseline 0 -22"><span class='ocrx_word' id='word_1_141' title='bbox 154 2870 425 2950; x_wconf 78' lang='lat' dir='ltr'>Apollini</span> <span class='ocrx_word' id='word_1_142' title='bbox 467 2870 720 2930; x_wconf 78' lang='lat' dir='ltr'>nomina</span> <span class='ocrx_word' id='word_1_143' title='bbox 765 2886 913 2945; x_wconf 79' lang='lat' dir='ltr'>esse,</span> <span class='ocrx_word' id='word_1_144' title='bbox 959 2875 1032 2930; x_wconf 84' lang='lat' dir='ltr'>ut</span> <span class='ocrx_word' id='word_1_145' title='bbox 1074 2875 1352 2948; x_wconf 78' lang='lat' dir='ltr'>vertunt,</span> <span class='ocrx_word' id='word_1_146' title='bbox 1398 2869 1811 2931; x_wconf 77' lang='lat' dir='ltr'>certissimum</span> <span class='ocrx_word' id='word_1_147' title='bbox 1855 2874 1961 2932; x_wconf 77' lang='lat' dir='ltr'>est.</span> <span class='ocrx_word' id='word_1_148' title='bbox 2027 2868 2104 2951; x_wconf 85' lang='lat' dir='ltr'>cf.</span> <span class='ocrx_word' id='word_1_149' title='bbox 2139 2870 2255 2930; x_wconf 93' lang='grc' dir='ltr'>ΙΙΙ.</span> 
     </span>
     <span class='ocr_line' id='line_1_21' title="bbox 156 2970 2255 3059; baseline -0.001 -26"><span class='ocrx_word' id='word_1_150' title='bbox 156 2975 263 3036; x_wconf 68' lang='grc'>»158</span> <span class='ocrx_word' id='word_1_151' title='bbox 320 2980 378 3036; x_wconf 85' lang='lat' dir='ltr'>et</span> <span class='ocrx_word' id='word_1_152' title='bbox 423 2975 581 3037; x_wconf 86' lang='lat' dir='ltr'>Eur.</span> <span class='ocrx_word' id='word_1_153' title='bbox 627 2973 812 3053; x_wconf 84' lang='lat' dir='ltr'><strong><em>Hipp.</em></strong></span> <span class='ocrx_word' id='word_1_154' title='bbox 878 2974 1033 3048; x_wconf 63' lang='lat' dir='ltr'>init„</span> <span class='ocrx_word' id='word_1_155' title='bbox 1088 2971 1248 3033; x_wconf 87' lang='lat' dir='ltr'>adde</span> <span class='ocrx_word' id='word_1_156' title='bbox 1310 2970 1440 3033; x_wconf 86' lang='lat' dir='ltr'>Alb.</span> <span class='ocrx_word' id='word_1_157' title='bbox 1499 2970 1790 3059; x_wconf 76' lang='lat' dir='ltr'>Iahnium</span> <span class='ocrx_word' id='word_1_158' title='bbox 1847 2970 2020 3051; x_wconf 83' lang='lat' dir='ltr'>apud</span> <span class='ocrx_word' id='word_1_159' title='bbox 2075 2973 2255 3038; x_wconf 85' lang='lat' dir='ltr'>Kra—</span> 
     </span>
     <span class='ocr_line' id='line_1_22' title="bbox 156 3071 2257 3159; baseline -0 -22"><span class='ocrx_word' id='word_1_160' title='bbox 156 3076 369 3159; x_wconf 69' lang='lat' dir='ltr'>binyer</span> <span class='ocrx_word' id='word_1_161' title='bbox 413 3074 499 3137; x_wconf 86' lang='lat' dir='ltr'>ad</span> <span class='ocrx_word' id='word_1_162' title='bbox 544 3071 805 3157; x_wconf 76' lang='lat' dir='ltr'>Greyor.</span> <span class='ocrx_word' id='word_1_163' title='bbox 857 3077 1112 3156; x_wconf 76' lang='lat' dir='ltr'>Nyssen.</span> <span class='ocrx_word' id='word_1_164' title='bbox 1160 3075 1233 3137; x_wconf 89' lang='lat' dir='ltr'>de</span> <span class='ocrx_word' id='word_1_165' title='bbox 1279 3077 1505 3137; x_wconf 79' lang='lat' dir='ltr'>Anima</span> <span class='ocrx_word' id='word_1_166' title='bbox 1542 3095 1607 3156; x_wconf 81' lang='lat' dir='ltr'>p.</span> <span class='ocrx_word' id='word_1_167' title='bbox 1655 3076 1786 3136; x_wconf 72' lang='lat'><em>165.</em></span> <span class='ocrx_word' id='word_1_168' title='bbox 1885 3071 2028 3150; x_wconf 82' lang='lat' dir='ltr'>Qua</span> <span class='ocrx_word' id='word_1_169' title='bbox 2071 3071 2139 3136; x_wconf 91' lang='lat' dir='ltr'>in</span> <span class='ocrx_word' id='word_1_170' title='bbox 2185 3091 2257 3137; x_wconf 86' lang='lat' dir='ltr'>re</span> 
     </span>
     <span class='ocr_line' id='line_1_23' title="bbox 153 3174 2256 3259; baseline -0 -18"><span class='ocrx_word' id='word_1_171' title='bbox 153 3176 578 3242; x_wconf 82' lang='lat' dir='ltr'>confidentius</span> <span class='ocrx_word' id='word_1_172' title='bbox 623 3176 916 3241; x_wconf 79' lang='lat' dir='ltr'>locutum</span> <span class='ocrx_word' id='word_1_173' title='bbox 971 3196 1113 3241; x_wconf 91' lang='lat' dir='ltr'>esse</span> <span class='ocrx_word' id='word_1_174' title='bbox 1158 3183 1320 3259; x_wconf 85' lang='lat' dir='ltr'>puto</span> <span class='ocrx_word' id='word_1_175' title='bbox 1377 3177 1592 3242; x_wconf 85' lang='lat' dir='ltr'>virum</span> <span class='ocrx_word' id='word_1_176' title='bbox 1658 3174 2256 3259; x_wconf 87' lang='lat' dir='ltr'>praeclarissimum</span> 
     </span>
     <span class='ocr_line' id='line_1_24' title="bbox 154 3277 2257 3364; baseline -0.001 -20"><span class='ocrx_word' id='word_1_177' title='bbox 154 3302 344 3364; x_wconf 87' lang='lat' dir='ltr'>quam</span> <span class='ocrx_word' id='word_1_178' title='bbox 409 3280 647 3348; x_wconf 78' lang='lat' dir='ltr'>verius,</span> <span class='ocrx_word' id='word_1_179' title='bbox 760 3279 930 3346; x_wconf 86' lang='lat' dir='ltr'>Sane</span> <span class='ocrx_word' id='word_1_180' title='bbox 985 3280 1155 3345; x_wconf 93' lang='lat' dir='ltr'>enim</span> <span class='ocrx_word' id='word_1_181' title='bbox 1213 3301 1334 3363; x_wconf 90' lang='lat' dir='ltr'>per</span> <span class='ocrx_word' id='word_1_182' title='bbox 1377 3300 1447 3345; x_wconf 88' lang='lat' dir='ltr'>se</span> <span class='ocrx_word' id='word_1_183' title='bbox 1493 3284 1714 3362; x_wconf 83' lang='lat' dir='ltr'>potest</span> <span class='ocrx_word' id='word_1_184' title='bbox 1768 3277 2142 3361; x_wconf 85' lang='lat' dir='ltr'>significare</span> <span class='ocrx_word' id='word_1_185' title='bbox 2186 3277 2257 3342; x_wconf 84' lang='lat' dir='ltr'>id</span> 
     </span>
     <span class='ocr_line' id='line_1_25' title="bbox 154 3376 2254 3467; baseline 0 -18"><span class='ocrx_word' id='word_1_186' title='bbox 154 3383 322 3467; x_wconf 91' lang='lat' dir='ltr'>quod</span> <span class='ocrx_word' id='word_1_187' title='bbox 377 3385 518 3448; x_wconf 75' lang='lat' dir='ltr'>vult</span> <span class='ocrx_word' id='word_1_188' title='bbox 568 3376 815 3466; x_wconf 64' lang='grc' dir='ltr'><em>οὔνομα</em></span> <span class='ocrx_word' id='word_1_189' title='bbox 869 3378 1106 3463; x_wconf 82' lang='grc' dir='ltr'><em>πουλύ,</em></span> <span class='ocrx_word' id='word_1_190' title='bbox 1174 3383 1297 3448; x_wconf 92' lang='lat' dir='ltr'>hoc</span> <span class='ocrx_word' id='word_1_191' title='bbox 1362 3383 1430 3447; x_wconf 89' lang='lat' dir='ltr'>in</span> <span class='ocrx_word' id='word_1_192' title='bbox 1501 3402 1753 3448; x_wconf 87' lang='lat' dir='ltr'>conexu</span> <span class='ocrx_word' id='word_1_193' title='bbox 1818 3401 1949 3446; x_wconf 90' lang='lat' dir='ltr'>non</span> <span class='ocrx_word' id='word_1_194' title='bbox 2016 3385 2254 3465; x_wconf 79' lang='lat' dir='ltr'>potest.</span> 
     </span>
     <span class='ocr_line' id='line_1_26' title="bbox 152 3484 2256 3571; baseline -0 -20"><span class='ocrx_word' id='word_1_195' title='bbox 152 3487 308 3552; x_wconf 91' lang='lat' dir='ltr'>Nam</span> <span class='ocrx_word' id='word_1_196' title='bbox 355 3508 522 3571; x_wconf 89' lang='lat' dir='ltr'>quos</span> <span class='ocrx_word' id='word_1_197' title='bbox 567 3507 792 3552; x_wconf 85' lang='lat' dir='ltr'>versus</span> <span class='ocrx_word' id='word_1_198' title='bbox 838 3485 1181 3569; x_wconf 81' lang='lat' dir='ltr'>adscripsi,</span> <span class='ocrx_word' id='word_1_199' title='bbox 1227 3487 1582 3552; x_wconf 78' lang='lat' dir='ltr'>transitum</span> <span class='ocrx_word' id='word_1_200' title='bbox 1625 3484 1879 3551; x_wconf 80' lang='lat' dir='ltr'>faciunt</span> <span class='ocrx_word' id='word_1_201' title='bbox 1922 3484 2006 3549; x_wconf 92' lang='lat' dir='ltr'>ab</span> <span class='ocrx_word' id='word_1_202' title='bbox 2058 3485 2256 3568; x_wconf 88' lang='lat' dir='ltr'>Apol-</span> 
     </span>
     <span class='ocr_line' id='line_1_27' title="bbox 151 3587 2257 3676; baseline -0 -22"><span class='ocrx_word' id='word_1_203' title='bbox 151 3589 280 3656; x_wconf 84' lang='lat' dir='ltr'>line</span> <span class='ocrx_word' id='word_1_204' title='bbox 330 3590 703 3674; x_wconf 81' lang='lat' dir='ltr'>Archegeta</span> <span class='ocrx_word' id='word_1_205' title='bbox 755 3588 857 3654; x_wconf 84' lang='lat' dir='ltr'>vel</span> <span class='ocrx_word' id='word_1_206' title='bbox 912 3588 1122 3654; x_wconf 79' lang='lat' dir='ltr'>Ctista</span> <span class='ocrx_word' id='word_1_207' title='bbox 1174 3589 1290 3676; x_wconf 79' lang='lat' dir='ltr'><strong>(VV.</strong></span> <span class='ocrx_word' id='word_1_208' title='bbox 1339 3592 1622 3673; x_wconf 81' lang='lat'>55—68)</span> <span class='ocrx_word' id='word_1_209' title='bbox 1675 3587 1760 3654; x_wconf 90' lang='lat' dir='ltr'>ad</span> <span class='ocrx_word' id='word_1_210' title='bbox 1815 3587 2136 3671; x_wconf 83' lang='lat' dir='ltr'>originem</span> <span class='ocrx_word' id='word_1_211' title='bbox 2189 3594 2257 3654; x_wconf 78' lang='lat' dir='ltr'>et</span> 
     </span>
     <span class='ocr_line' id='line_1_28' title="bbox 155 3690 2259 3777; baseline -0.001 -19"><span class='ocrx_word' id='word_1_212' title='bbox 155 3694 468 3760; x_wconf 84' lang='lat' dir='ltr'>rationem</span> <span class='ocrx_word' id='word_1_213' title='bbox 529 3692 744 3758; x_wconf 89' lang='lat' dir='ltr'>cultus</span> <span class='ocrx_word' id='word_1_214' title='bbox 792 3691 1135 3776; x_wconf 85' lang='lat' dir='ltr'>Apollinis,</span> <span class='ocrx_word' id='word_1_215' title='bbox 1197 3692 1409 3777; x_wconf 88' lang='lat' dir='ltr'>qualis</span> <span class='ocrx_word' id='word_1_216' title='bbox 1457 3698 1558 3758; x_wconf 84' lang='lat' dir='ltr'>est</span> <span class='ocrx_word' id='word_1_217' title='bbox 1601 3692 1666 3757; x_wconf 91' lang='lat' dir='ltr'>in</span> <span class='ocrx_word' id='word_1_218' title='bbox 1714 3690 1958 3775; x_wconf 90' lang='lat' dir='ltr'>oppido</span> <span class='ocrx_word' id='word_1_219' title='bbox 2006 3690 2259 3774; x_wconf 82' lang='lat' dir='ltr'>Cyrena</span> 
     </span>
    </p>
   </div>
   <div class='ocr_carea' id='block_1_8' title="bbox 32 3792 2256 3985">
    <p class='ocr_par' dir='ltr' id='par_1_9' title="bbox 32 3792 2256 3985">
     <span class='ocr_line' id='line_1_29' title="bbox 32 3792 2254 3882; baseline -0.003 -18"><span class='ocrx_word' id='word_1_220' title='bbox 32 3841 33 3854; x_wconf 57' lang='lat'>2</span> <span class='ocrx_word' id='word_1_221' title='bbox 154 3799 477 3882; x_wconf 80' lang='lat'>(72—96).</span> <span class='ocrx_word' id='word_1_222' title='bbox 564 3796 705 3860; x_wconf 90' lang='lat' dir='ltr'>Iam</span> <span class='ocrx_word' id='word_1_223' title='bbox 751 3796 820 3861; x_wconf 89' lang='lat' dir='ltr'>in</span> <span class='ocrx_word' id='word_1_224' title='bbox 866 3817 957 3859; x_wconf 84' lang='lat' dir='ltr'>vv.</span> <span class='ocrx_word' id='word_1_225' title='bbox 1006 3803 1251 3864; x_wconf 81' lang='lat'>69—’71</span> <span class='ocrx_word' id='word_1_226' title='bbox 1307 3795 1648 3875; x_wconf 82' lang='lat' dir='ltr'>deliberat,</span> <span class='ocrx_word' id='word_1_227' title='bbox 1696 3814 1825 3877; x_wconf 88' lang='lat' dir='ltr'>quo</span> <span class='ocrx_word' id='word_1_228' title='bbox 1871 3794 2132 3860; x_wconf 90' lang='lat' dir='ltr'>nomine</span> <span class='ocrx_word' id='word_1_229' title='bbox 2176 3792 2254 3858; x_wconf 89' lang='lat' dir='ltr'>il-</span> 
     </span>
     <span class='ocr_line' id='line_1_30' title="bbox 32 3895 2256 3985; baseline -0.001 -21"><span class='ocrx_word' id='word_1_230' title='bbox 32 3933 33 3938; x_wconf 41' lang='lat'><em>*</em></span> <span class='ocrx_word' id='word_1_231' title='bbox 153 3899 284 3965; x_wconf 89' lang='lat' dir='ltr'>lum</span> <span class='ocrx_word' id='word_1_232' title='bbox 326 3898 635 3985; x_wconf 80' lang='lat' dir='ltr'>appellet,</span> <span class='ocrx_word' id='word_1_233' title='bbox 682 3903 904 3963; x_wconf 78' lang='lat' dir='ltr'>utrum</span> <span class='ocrx_word' id='word_1_234' title='bbox 949 3899 1339 3965; x_wconf 66' lang='lat' dir='ltr'>Boedromio</span> <span class='ocrx_word' id='word_1_235' title='bbox 1387 3920 1471 3965; x_wconf 90' lang='lat' dir='ltr'>an</span> <span class='ocrx_word' id='word_1_236' title='bbox 1504 3898 1718 3979; x_wconf 92' lang='lat' dir='ltr'>Clar0,</span> <span class='ocrx_word' id='word_1_237' title='bbox 1768 3902 1968 3979; x_wconf 79' lang='lat' dir='ltr'>atque</span> <span class='ocrx_word' id='word_1_238' title='bbox 2014 3895 2256 3961; x_wconf 75' lang='lat' dir='ltr'>consti-</span> 
     </span>
    </p>
   </div>
   <div class='ocr_carea' id='block_1_9' title="bbox 153 3996 2254 4177">
    <p class='ocr_par' dir='ltr' id='par_1_10' title="bbox 153 3996 2254 4177">
     <span class='ocr_line' id='line_1_31' title="bbox 153 3996 2254 4090; baseline -0.002 -22"><span class='ocrx_word' id='word_1_239' title='bbox 153 4005 276 4069; x_wconf 82' lang='lat' dir='ltr'>tuit</span> <span class='ocrx_word' id='word_1_240' title='bbox 329 4004 653 4070; x_wconf 87' lang='lat' dir='ltr'>Carneum</span> <span class='ocrx_word' id='word_1_241' title='bbox 719 4003 1088 4083; x_wconf 89' lang='lat' dir='ltr'>nominare,</span> <span class='ocrx_word' id='word_1_242' title='bbox 1158 4003 1332 4090; x_wconf 86' lang='lat' dir='ltr'>quod</span> <span class='ocrx_word' id='word_1_243' title='bbox 1386 4022 1626 4070; x_wconf 88' lang='lat' dir='ltr'>nomen</span> <span class='ocrx_word' id='word_1_244' title='bbox 1682 4020 1722 4065; x_wconf 90' lang='lat' dir='ltr'>a</span> <span class='ocrx_word' id='word_1_245' title='bbox 1774 3999 2075 4087; x_wconf 79' lang='lat' dir='ltr'>patribus</span> <span class='ocrx_word' id='word_1_246' title='bbox 2128 3996 2254 4063; x_wconf 92' lang='lat' dir='ltr'>sibi</span> 
     </span>
     <span class='ocr_line' id='line_1_32' title="bbox 155 4109 614 4177; baseline 0.002 -6"><span class='ocrx_word' id='word_1_247' title='bbox 155 4109 236 4174; x_wconf 85' lang='lat' dir='ltr'>sit</span> <span class='ocrx_word' id='word_1_248' title='bbox 277 4110 614 4177; x_wconf 78' lang='lat' dir='ltr'>usitatum.</span> 
     </span>
    </p>
   </div>
  </div>
 </body>
</html>
