2969 4832
1536 326 1959 396 ..50-

860 495 998 564 Iam
1045 499 1335 564 venimus
1381 499 1469 564 ad
1517 492 1841 586 οὗρανοῦ
1895 498 2313 580 vocabulum,
2374 498 2551 583 quod
2601 495 2803 565 semel

688 600 931 685 legitur
973 601 1034 670 h.
1078 601 1125 666 Ι.
1172 610 1251 670 59

815 708 908 793 τῷ
955 729 1061 772 τοι
1106 704 1294 788 (Iovi)
1338 704 1451 772 καὶ
1497 704 1733 792 γνωτοὶ
1779 703 2277 795 προτερηγενέες
2317 728 2444 794 περ
2491 701 2707 785 ἐόντες

818 802 1085 896 οὐρανὸν
1129 800 1242 874 οὐκ
1286 805 1605 896 ἐμέγηραν
1649 804 1817 892 ἓὸςειν
1863 806 2246 877 ἒπιὸαίσιον
2291 802 2478 874 οἶκον.

687 912 810 978 Hic
869 911 1219 978 manifesto
1292 911 1627 996 significat
1699 913 1952 979 caelum
2020 913 2188 978 Iovis
2264 910 2664 977 domicilium
2736 916 2806 976 et

686 1016 883 1099 plane
928 1015 1270 1081 Homerico
1315 1015 1507 1081 modo
1555 1020 1656 1082 est
1699 1016 1968 1096 dic-tum,
2015 1016 2094 1081 cf.
2148 1017 2204 1082 Ο
2236 1023 2375 1086 ,192

770 1111 933 1198 Ζεὺς
979 1110 1038 1183 δ’
1086 1110 1262 1200 ἔλαχ’
1308 1110 1574 1207 οὐρανὸν
1616 1112 1800 1208 εὐρὺν
1844 1118 1913 1186 ἐν
1955 1115 2183 1205 αἰθέρι
2227 1117 2339 1184 καὶ
2383 1115 2751 1207 νεφέλῃσιν.

685 1221 937 1287 Eadem
995 1222 1323 1287 sententia
1369 1222 1615 1303 subest,
1671 1223 1728 1287 si
1773 1223 1990 1288 Iovem
2044 1222 2340 1287 nominat
2384 1214 2685 1307 οὐράνιον
2735 1226 2810 1286 ut

682 1324 744 1390 h.
789 1325 840 1389 Ι.
885 1331 967 1393 55

852 1420 1021 1494 καλὰ
1064 1426 1184 1512 μὲν
1227 1421 1430 1519 ἦέξευ,
1478 1425 1649 1494 καλὰ
1695 1421 1753 1494 δ’
1801 1423 2096 1516 ἓτραφες,
2145 1420 2401 1514 οὗράνιε
2443 1431 2571 1492 Ζεῦ

687 1535 754 1596 et
796 1530 865 1596 in
912 1531 1112 1615 epigr.
1159 1539 1240 1599 52

850 1632 1024 1716 ναιχὶ
1071 1632 1241 1723 πρὸς
1285 1629 1594 1718 εὖχαίτεω
1643 1632 2058 1725 Γανυμήδεος
2101 1629 2353 1720 οὗράνιε
2397 1639 2527 1700 Ζεῦ

682 1736 762 1805 cf.
814 1738 1012 1804 etiam
1056 1737 1162 1803 IV.
1210 1746 1290 1807 38
1769 1807 1781 1822 ,

1187 1839 1334 1908 ἐπεὶ
1379 1839 1600 1928 βαθὺν
1646 1836 1812 1932 ἥλαο
1857 1840 2170 1925 (Asteria)
2213 1841 2465 1928 τάφρον

852 1937 1204 2033 οὐρανόθεν
1249 1942 1575 2033 φεύγουσα
1621 1936 1787 2025 Διὸς
1832 1941 2038 2031 γαμὸν
2081 1937 2315 2033 ἀστέρι
2360 1938 2493 2032 ἴση.

684 2049 904 2131 Atque
955 2068 1154 2145 porro
1198 2069 1585 2133 progressus
1631 2069 1855 2115 omnes
1903 2047 2060 2113 deos
2107 2047 2403 2132 appellat
2452 2041 2812 2135 οὗρανίδας

678 2151 738 2216 h.
783 2150 830 2215 Ι.
880 2159 916 2219 3

935 2250 1331 2343 Πηλαγόνων
1375 2252 1677 2346 ἐλατῆρα,
1726 2251 2131 2321 δικασπόλον
2175 2246 2558 2343 οὗρανίόῃσι

681 2358 854 2444 quod
904 2359 1230 2444 analogon
1276 2358 1480 2425 habet
1524 2357 1736 2426 solum
1782 2358 1849 2423 in
1891 2359 2077 2424 Hom.
2124 2356 2187 2425 h.
2233 2357 2301 2422 in
2347 2356 2564 2438 Gerer.
2613 2366 2698 2427 55

934 2460 1038 2542 τίς
1079 2467 1253 2529 θεῶν
1297 2455 1605 2550 οὐρανίων
1649 2455 1725 2555 ἠὲ
1770 2465 2055 2550 θνητῶν
2080 2454 2484 2550 ἀνθρώπων,

677 2585 823 2630 cum
895 2565 1181 2632 Homero
1264 2567 1358 2631 dii
1434 2567 1571 2632 sint
1638 2563 2049 2653 ἐπουράνιοι.·
2115 2564 2192 2630 cf.
2240 2589 2278 2650 ρ
2321 2571 2475 2646 484,
2543 2571 2608 2629 Ζ
2656 2574 2813 2646 129,

682 2676 821 2749 131,
871 2676 994 2736 527
1042 2673 1110 2734 et
1160 2663 1591 2757 Οὖρανίωνες.·
1635 2668 1716 2735 cf.
1764 2695 1803 2756 η
1849 2677 1992 2748 242,
2040 2694 2062 2734 ι
2116 2674 2216 2748 15,
2284 2694 2319 2734 ν
2361 2675 2465 2748 41,
2520 2674 2603 2734 A
2652 2679 2811 2754 570,
2946 2734 2947 2737 ,

676 2778 736 2838 Ρ
781 2781 918 2853 195,
966 2774 1029 2838 Ω
1074 2780 1195 2841 612
1246 2778 1310 2839 et
1353 2773 1559 2839 Lehrs
1603 2772 1644 2836 l.
1690 2771 1732 2840 l.
1778 2794 1840 2857 p.
1889 2780 2027 2840 191.

848 2878 1147 2960 Denique
1201 2869 1587 2960 Ὀλύμπου
1653 2890 1877 2942 vocem
1933 2875 2131 2941 semel
2189 2880 2468 2960 usurpat
2523 2882 2812 2961 propria

676 2978 1145 3063 significatione
1200 2979 1262 3047 h.
1317 2978 1431 3048 ΠΙ.
1486 2987 1603 3047 11¹7
1661 2983 1882 3067 Μυσῷ
1947 2975 2015 3043 ἐν
2071 2971 2428 3065 Οὐλύμπῳ.
2543 2979 2814 3047 Contra

676 3081 1075 3149 domicilium
1122 3081 1394 3148 deorum
1441 3088 1543 3148 est
1586 3081 1646 3147 h.
1694 3082 1743 3151 Ι.
1789 3088 1869 3149 62

758 3181 863 3265 τίς
908 3183 983 3252 δέ
1026 3178 1083 3251 κ’
1133 3178 1242 3251 ἐπ’
1292 3179 1609 3273 οὐλύμπῳ
1654 3209 1728 3251 τε
1771 3183 1882 3251 καὶ
1928 3177 2069 3251 &adt
2114 3184 2345 3276 κλῆρον
2389 3183 2708 3273 ἒρύσσαις

677 3295 744 3354 et
787 3288 893 3356 IV.
939 3297 1064 3357 220

763 3385 844 3458 σὺ
888 3390 963 3458 δὲ
1007 3393 1238 3479 (Hera)
1283 3387 1590 3480 κρείουσα
1633 3389 1929 3479 κάθησαι
1972 3388 2195 3480 γνησίη
2249 3385 2666 3477 Οὐλύμποιο.

673 3495 777 3560 VI.
828 3503 908 3563 58
953 3501 1173 3562 autem

587 3590 592 3595 ’
999 3595 1247 3687 κεφαλὰ
1296 3597 1370 3664 δὲ
1416 3593 1479 3663 οἶ
1528 3598 1806 3682 (Cereri)
1853 3588 2061 3683 ἅψατ’
2109 3589 2418 3685 Ὀλύμπῳ

676 3701 1028 3768 manifesto
1077 3703 1320 3768 dictum
1367 3705 1470 3766 est
1512 3721 1631 3784 pro
1678 3699 2122 3780 firmamentO,
2169 3698 2556 3789 στερεμνίῳ,
2619 3706 2809 3787 quod

679 3805 858 3889 apud
905 3806 1260 3871 Homerum
1306 3809 1408 3870 est
1450 3807 1708 3869 tantum
1754 3798 2053 3892 οὗρανός;
2097 3804 2177 3872 cf.
2226 3803 2485 3870 Scheer.
2532 3827 2599 3888 p.
2652 3815 2763 3877 14.

846 3909 1157 3975 Videmus
1219 3909 1428 3994 igitur
1482 3905 1867 3972 Callimachi
1933 3906 2338 3992 temporibus
2394 3907 2517 3973 has
2564 3930 2811 3978 omnes

671 4032 776 4078 res
822 4034 950 4078 non
996 4015 1126 4078 iam
1175 4011 1519 4078 distinctas
1568 4009 1766 4077 fuisse
1812 4009 1914 4076 vel
1959 4010 2296 4081 discretas,
