2969 4832
1023 298 1449 354 ...ll-.-

181 460 242 524 h.
285 459 338 527 1.
386 467 486 526 52.

402 552 558 629 οὖλα
601 561 675 628 δὲ
722 560 1052 651 Κούρητές
1096 583 1170 628 σε
1216 561 1370 647 περὶ
1418 561 1656 651 πρύλιν
1701 556 2081 653 ὠρχήσαντο

397 661 623 748 τεύχεα
669 664 1141 756 πεπλήγοντες,
1189 666 1298 731 ἵνα
1344 664 1604 754 Κρόνος
1649 659 1874 733 οἰῖασιν
1918 657 2080 757 ἧχὴν
2188 717 2192 722 .

209 800 216 804 ·
399 761 686 848 ἀσπίδος
728 764 962 847 εὶςαΐοι
1007 768 1117 836 καὶ
1160 767 1257 859 μή
1300 792 1412 837 σεο
1458 767 1888 858 κουρίζοντος.

183 871 243 938 h.
291 871 410 940 III.
458 878 604 938 247.

1315 973 1392 1042 αἳ
1431 974 1507 1042 δὲ
1553 973 1877 1043 πόδεσσιν

400 1066 561 1142 οὖλα
603 1072 1151 1166 κατεκροτάλιζον,
1202 1075 1586 1168 ἐπεψόφεον
1631 1076 1706 1144 δέ
1748 1076 2079 1165 φαρέτραι.
2114 1161 2121 1168 ἢ

181 1180 388 1263 epigr.
437 1181 512 1248 V.
560 1188 620 1248 5.

421 1278 480 1348 εἰ
525 1282 599 1349 δὲ
646 1279 992 1373 Γαληναίη,
1037 1277 1287 1375 λιπαρὴ
1334 1283 1518 1366 θεός,
1567 1273 1745 1363 οὖλος
1789 1280 2072 1370 ἐρέσσων

485 1383 694 1453 ποσσί
735 1413 833 1454 νιν
880 1379 1035 1453 ὥστ’
1084 1382 1244 1474 ἔργῳ
1290 1380 1572 1470 τοῖἷνομα
1621 1384 2040 1474 συμφέρεται.

357 1491 575 1573 Atque
644 1491 986 1557 Scheerius
1048 1490 1314 1573 quidem
1380 1494 1456 1555 ut
1521 1491 1719 1555 etiam
1780 1489 2142 1554 Meinekius
2208 1489 2293 1554 ad

182 1594 242 1658 h.
291 1593 340 1661 Ι.
390 1601 471 1660 52
519 1600 587 1658 et
631 1592 1067 1660 Schneiderus
1112 1592 1199 1658 ad
1243 1593 1325 1662 ΙΙ.
1373 1602 1453 1662 76
1500 1593 1699 1658 vertit
1743 1592 1867 1658 hoc
1909 1592 2294 1657 vocabulum

181 1718 310 1761 non
352 1717 542 1761 secus
587 1700 789 1779 atque
833 1696 903 1760 in
947 1696 1011 1761 h.
1052 1695 1159 1764 IV.
1209 1704 1334 1764 302
1379 1688 1592 1780 primo
1641 1702 1707 1762 et
1750 1695 1947 1761 tertio
1990 1695 2136 1760 loco
2179 1717 2298 1779 per

184 1799 387 1883 crispi
434 1799 858 1876 vocabulum3
904 1819 1132 1864 vereor
1176 1806 1252 1864 ut
1293 1800 1538 1865 maiore
1580 1799 1721 1865 iure
1766 1798 1874 1863 hic
1907 1819 2102 1882 quam
2136 1798 2296 1880 illic,

186 1923 338 1966 nam
389 1902 742 1969 manifesto
789 1902 949 1969 Call..
994 1902 1041 1965 I.
1091 1909 1171 1970 52
1220 1902 1437 1967 dicere
1483 1902 1622 1967 vult
1666 1923 1795 1967 non
1841 1900 1972 1966 alio
2021 1900 2295 1965 consilio

183 2007 464 2072 Curetas
510 2004 813 2086 saltasse,
881 2005 1007 2070 nisi
1053 2009 1128 2069 ut
1171 2004 1456 2089 strepitu
1503 2011 1569 2071 et
1612 2004 1898 2070 tumultu
1950 2002 2103 2068 inde
2150 2010 2296 2069 orto

180 2107 601 2193 impedirent,
647 2108 994 2191 quominus
1028 2108 1347 2174 Saturnus
1390 2108 1650 2174 audiret
1692 2107 2003 2173 infantem
2038 2108 2294 2190 vagien-

182 2219 348 2289 tem3
396 2210 573 2295 quod
604 2211 658 2276 si
702 2211 798 2276 ita
842 2216 960 2291 est,
1005 2210 1389 2275 vocabulum
1434 2199 1611 2293 οὖλα,
1659 2210 1717 2275 si
1760 2209 1842 2275 de
1887 2209 2145 2293 „crispa
2185 2231 2295 2293 pe-

181 2316 339 2380 dum
372 2314 830 2398 argutatione“
874 2312 1388 2398 intellegeretur,
1438 2316 1698 2379 omnino
1738 2312 1983 2378 nullam
2027 2311 2300 2378 haberet

180 2420 331 2483 vim.
421 2416 745 2500 Equidem
792 2422 1010 2483 autem
1058 2438 1190 2482 non
1237 2415 1498 2498 dubito,
1559 2420 1716 2502 quin
1772 2416 1971 2483 etiam
2029 2416 2095 2480 in
2141 2436 2298 2482 voce

182 2511 346 2588 οὖλα
428 2520 583 2587 Call.
663 2522 1027 2604 exprimere
1102 2520 1383 2586 voluerit
1468 2521 1621 2586 illos
1697 2520 1993 2587 consulto
2069 2519 2299 2585 crebra

183 2624 517 2707 celerique
559 2622 801 2707 pedum
840 2623 1261 2708 supplosione
1291 2625 1637 2708 strepitum
1673 2614 1977 2703 edidisse,
2024 2627 2097 2688 ut
2125 2623 2298 2707 vagi—

179 2735 323 2793 tum
373 2727 548 2791 Iovis
593 2726 915 2809 celarent3
961 2732 1158 2811 atque
1204 2727 1375 2793 hanc
1419 2727 1959 2811 significationem
2000 2726 2300 2792 vocabuli

183 2823 382 2897 οἰὶλου
432 2828 656 2894 hausit
702 2851 781 2895 ex
827 2830 1015 2895 Hom.
1059 2832 1112 2896 P
1158 2836 1301 2899 756.
1393 2866 1404 2873 ·

450 2935 585 2998 τῶν
629 2926 787 3012 δ’ὥς
830 2955 902 2998 τε
945 2938 1182 3019 ψαρῶν
1222 2932 1414 3021 νέφος
1458 2928 1714 3021 ἔρχεται
1760 2926 1840 3024 ἦέ
1883 2933 2150 3001 κολοιῶν

446 3024 636 3102 οὖλον
679 3033 1104 3126 κεκλήγοντες.

185 3141 329 3219 Quo
389 3159 540 3203 cum
595 3138 738 3205 loco
794 3138 1225 3205 conferendus
1281 3144 1384 3205 est
1435 3140 1608 3208 Plut.
1666 3162 1825 3209 mor.
1868 3147 2008 3206 *510
2055 3139 2124 3207 F.
2193 3139 2298 3225 (de

181 3243 431 3327 garrul.
507 3244 639 3326 17):
705 3239 818 3307 καὶ
886 3239 1010 3330 γὰρ
1078 3239 1363 3308 Πλάτων
1423 3241 1574 3324 τοὺς
1636 3240 1974 3322 τοιούτους
2039 3240 2299 3308 ἐπαινεῖ

184 3348 425 3425 δεινοῖς
491 3338 907 3424 ἀκοντισταῖς
973 3343 1253 3412 ἐοικέναι
1306 3343 1513 3432 λέγων
1568 3336 1728 3414 οὖλα
1771 3344 1881 3413 καὶ
1928 3342 2144 3412 πυκνὰ
2187 3343 2295 3411 καὶ

186 3446 720 3538 συνεστραμμένα
764 3446 1268 3537 φθεγγομένους.

360 3553 577 3617 Huius
635 3556 856 3617 autem
911 3551 1044 3616 loci
1089 3551 1461 3618 simillimus
1509 3558 1610 3620 est
1651 3553 1763 3619 ille
1809 3574 1891 3618 ex
1936 3553 1998 3617 h.
2044 3551 2159 3617 111.
2207 3553 2298 3617 ci-

185 3661 392 3736 tatus3
441 3654 681 3721 etenim
729 3654 824 3720 ibi
870 3675 1127 3739 quoque
1163 3655 1322 3721 Call.
1367 3655 1579 3722 fusius
1624 3655 1932 3741 explicat,
1978 3660 2296 3739 quantum

189 3758 530 3824 effecerint
575 3757 921 3841 strepitum
954 3758 1337 3839 Amazones,
1384 3780 1555 3843 quae
1599 3764 1897 3825 armatae
1936 3759 2115 3824 circa
2143 3759 2299 3823 Dia-

191 3883 312 3926 nae
359 3860 782 3926 simulacrum
830 3860 1180 3926 saltarent:
1230 3862 1525 3945 syringes
1572 3867 1807 3928 acutae
1852 3861 2298 3942 succinebant,

192 3984 390 4028 sonus
437 3964 654 4048 imago
699 3985 906 4048 usque
939 3963 1025 4029 ad
1059 3963 1297 4029 Sardes
1331 3971 1397 4029 et
1425 3965 1923 4050 Berecynthiam
1967 3967 2298 4049 regionem

195 4067 517 4147 currebat,
584 4066 938 4150 pharetrae
1005 4087 1355 4134 concussae
1422 4068 1763 4133 sonabant.
1880 4068 2061 4134 Inter
2126 4068 2297 4133 hanc
