2969 4832
994 379 1455 440 -103—

170 543 356 611 Hom.
404 543 618 628 hymn.
665 546 742 628 (Ι.
789 545 858 609 in
915 543 1128 628 Apoll.
1175 543 1317 609 Del.
1366 546 1519 627 821)
1587 549 1654 609 et
1704 545 1771 609 in
1829 546 1903 610 V.
1958 547 2098 613 Cer.
2154 553 2275 629 32),

165 646 298 710 iam
365 647 640 712 Aulinus
701 647 1049 727 indicavit,
1118 648 1232 730 qui
1284 646 1456 712 idem
1505 650 1914 732 comparavit
1958 649 2144 715 Dian.
2196 658 2276 718 10

164 742 503 840 εὐκαμπής
557 750 638 816 de
684 772 842 816 arou
912 751 1163 815 dictum
1238 772 1382 815 oum
1448 750 1795 816 Homerico
1871 748 2274 833 παλίντονον,

165 851 527 936 κάμπολον.
582 858 702 938 Ap.
751 863 831 922 37
884 852 1152 947 θήλειαι
1209 853 1291 920 de
1346 853 1592 919 Phoebi
1652 855 1835 938 genis
1889 875 2038 921 oum
2089 850 2275 921 ἁπα-

165 952 358 1040 λαίβ)
475 957 574 1022 De
641 957 960 1023 Mercurio
1027 962 1249 1024 autem
1305 950 1676 1046 Ἀκακησίῳ
1744 959 1937 1025 aliter
1998 979 2135 1024 rem
2202 980 2272 1024 se

166 1058 407 1125 hahere
454 1060 1041 1127 demonstravimus
1085 1081 1148 1143 p.
1197 1068 1277 1128 66
1324 1081 1419 1144 sq.

818 1249 932 1315 III.
987 1257 1127 1317 178.
1177 1247 1618 1336 προγένοιντο.

336 1370 410 1434 In
455 1392 509 1434 v.
563 1376 681 1437 178

459 1462 561 1538 ³H
593 1471 715 1561 γάρ
760 1496 865 1538 κεν
909 1469 1086 1559 γυιαί
1130 1496 1202 1538 τε
1246 1471 1355 1538 καὶ
1402 1468 1641 1555 αὐχένα
1682 1477 2020 1561 κεκμηυῖαι

469 1573 723 1665 κόπρον
766 1573 881 1643 ἔπι
930 1574 1341 1664 προγένοιντο

171 1679 695 1746 Wilamowitzius
762 1680 1012 1764 primus
1079 1681 1349 1764 scripsit
1415 1678 1959 1767 ἐπιπρογένοιντο
2022 1673 2137 1769 ὑφ’
2202 1679 2276 1746 ἕν

170 1783 341 1867 quod
387 1784 693 1867 probavit
736 1784 969 1867 Nigra,
1031 1806 1152 1868 ego
1201 1789 1420 1849 autem
1464 1785 1590 1850 hac
1637 1785 1901 1868 quidem
1947 1784 2018 1849 in
2061 1805 2130 1850 re
2177 1806 2276 1850 se-

171 1888 281 1969 qui
326 1907 580 1971 nequeo
627 1887 837 1951 virum
883 1889 1231 1970 egregium.
1343 1888 1612 1953 Habent
1657 1908 1837 1969 sane,
1891 1893 1967 1952 ut
2011 1887 2274 1954 Schnei-

173 1990 365 2056 derus
411 1991 712 2070 adnotat,
771 1990 925 2055 libri
968 1990 1163 2057 ABCI
1204 1992 1360 2056 item
1408 1989 1956 2079 ἐπιπρογένοιντο
1999 1991 2041 2054 i.
2088 2012 2142 2058 e.
2187 1992 2275 2054 vi-

172 2092 359 2157 detur
433 2093 763 2159 exstitisse
829 2094 896 2157 in
965 2094 1344 2178 apographo
1411 2096 1765 2178 Aurispae3
1841 2093 1957 2159 sed
2021 2094 2088 2157 in
2157 2093 2275 2157 tali

174 2197 551 2279 quaestione
598 2198 855 2263 codices
901 2197 1208 2262 nimirum
1260 2196 1503 2262 nullius
1550 2202 1704 2262 sunt
1746 2199 2072 2262 momenti.
2161 2197 2276 2261 At-

171 2301 279 2383 qui
325 2296 809 2385 προγίγνεσθαι
857 2299 1126 2365 verbum
1172 2299 1519 2364 manifesto
1552 2299 1709 2368 Call.
1739 2299 1942 2366 habet
1972 2321 2052 2365 ex
2083 2299 2273 2367 Hom.

167 2410 224 2470 Σ
260 2413 406 2486 525,
452 2426 649 2488 quem
694 2405 910 2470 locum
956 2404 1089 2469 iam
1135 2402 1572 2469 Schneiderus
1618 2404 1985 2471 arcessivit:

296 2507 612 2595 δέγμενοι,
663 2503 930 2575 ὁππότε
971 2507 1151 2597 μῆλα
1194 2502 1446 2573 ἰδοίατο
1492 2507 1602 2572 καὶ
1648 2505 1866 2587 ἕλικας
1908 2511 2082 2592 βοῦς.

295 2608 357 2678 οὶ
404 2610 479 2677 δὲ
523 2609 690 2693 τάχα
737 2610 1142 2698 προγένοντο,
1192 2608 1321 2675 δύω
1365 2605 1422 2675 δ’
1471 2603 1583 2694 ἅμ’
1634 2609 1878 2677 ἕποντο
1924 2614 2177 2700 νομῆες.

174 2715 360 2781 Hune
424 2715 644 2781 locum
702 2712 1168 2781 Callimachum
1235 2714 1602 2798 respexisse
1667 2734 1856 2779 nemo
1923 2714 2273 2797 negaverit,

171 2820 277 2902 qui
322 2817 783 2884 animadvertit
829 2814 1307 2904 προγίγνεσθαι
1365 2817 1638 2883 verbum
1692 2816 1871 2900 apud
1923 2822 2273 2901 utrumque

169 2928 428 3005 poetam
476 2942 623 2987 oum
670 2920 901 2987 eodem
943 2941 1165 2986 versus
1210 2921 1354 2986 loco
1398 2921 1713 3005 positum,
1768 2924 1909 2986 tum
1956 2921 2038 2987 de
2080 2938 2274 3005 pe'co-

171 3024 353 3090 ribus
422 3025 673 3091 dictum
742 3045 901 3093 esse.
966 3024 1152 3091 'Iam
1213 3046 1364 3090 vero
1421 3025 1787 3108 quaeritur,
1865 3024 2035 3090 sitne
2079 3046 2276 3090 ausus

169 3128 327 3194 Call.
359 3129 440 3194 ad
486 3125 913 3215 προγένοιντο
956 3127 1199 3193 addere
1245 3129 1596 3195 terminum
1641 3125 1890 3216 κόπρον
1935 3122 2071 3193 ἔπι.
2161 3130 2276 3193 At-

168 3252 292 3314 que
347 3231 648 3316 equidem
722 3253 867 3296 eum
938 3230 1271 3296 addidisse
1346 3252 1732 3316 persuasum
1796 3229 2008 3296 habeo
2075 3231 2272 3315 idque

167 3336 377 3402 nisum
422 3356 613 3401 versu
659 3334 879 3418 aliquo
913 3335 1406 3402 Homerioorum
1450 3334 1856 3419 hymnorum,
1904 3355 2067 3418 quos
2113 3356 2274 3420 quo-

168 3439 287 3504 ties
331 3440 441 3505 ille
486 3441 782 3506 imitatus
828 3442 928 3519 sit,
988 3439 1162 3504 inter
1219 3459 1439 3504 omnes
1508 3443 1798 3520 constat3
1867 3438 1980 3520 qui
2047 3460 2271 3504 versus

170 3549 268 3607 est
307 3544 366 3610 h.
417 3544 554 3624 VII,
603 3552 639 3611 7

755 3644 922 3729 τάχα
970 3640 1027 3712 δ’
1076 3638 1304 3732 ἄνδρες
1350 3643 1707 3729 ἐϋσσέλμου
1751 3636 1892 3710 ἀπὸ
1935 3641 2083 3732 νηὸς

378 3749 639 3837 ληισταὶ
687 3750 1081 3837 προγένοντο
1127 3755 1308 3828 θοῶς
1352 3747 1471 3814 ἐπὶ
1517 3743 1756 3814 οἴνοπα
1805 3744 2061 3814 πόντον.

302 4011 336 4076 ¹)
374 4009 445 4063 de
481 4009 675 4063 eodem
709 4006 987 4077 Apolline.

306 4099 345 4166 ²)
380 4112 496 4151 non
532 4092 706 4165 igitur
742 4092 879 4148 Gall.
925 4093 1318 4162 interpretatus
1361 4095 1447 4146 est
1495 4095 1560 4146 ut
1604 4088 1971 4145 Doederlinus
2019 4088 2125 4143 sub
2166 4105 2269 4143 nu-

174 4198 316 4237 mero
349 4183 477 4238 344:
512 4179 665 4234 mehr
697 4179 902 4247 frisohe
935 4179 1053 4233 und
1083 4178 1231 4246 volte,
1265 4177 1500 4247 lorciftiye
1547 4176 1808 4246 Wanyen‚
1843 4175 1929 4230 als
1966 4180 2133 4229 marte.
