2969 4832
991 355 1405 424 -65-.

129 529 362 595 locum
431 527 677 593 habere
745 548 869 592 non
938 549 1161 611 posse,
1228 528 1293 592 in
1340 527 1464 593 hac
1509 528 1713 611 igitur
1758 521 1985 594 vocula
2029 522 2256 594 vitium

128 635 351 709 inest3
414 632 549 698 iam
594 632 649 695 si
694 650 813 714 pro
860 650 901 696 σ
946 630 1130 715 ponis
1174 635 1246 711 θ,
1314 652 1393 696 en
1440 630 1645 697 habes
1691 651 1860 714 quae
1906 652 2057 696 vera
2098 630 2255 698 mihi

130 734 404 800 videtur
462 732 841 801 Callimachi
910 736 1233 817 scriptura
1297 755 1453 801 esse.
1581 733 1809 800 Scribo
1871 733 2073 818 igitur
2135 754 2255 818 pro

131 843 214 903 A
225 839 644 905 CYAQTOI
681 837 1175 904 ΑΘΥΛΩΤΟΙ
1226 836 1426 921 idque
1480 839 1669 902 nixus
1714 835 1996 921 Hesychi
2040 835 2259 919 glossa

130 937 383 1019 θυλλίς
406 961 419 975 ·
447 940 728 1020 θύλακος
750 990 764 1004 .
788 937 1111 1026 γωρυτός.
1139 934 1411 1026 ἔλυτρον.
1425 944 1470 1022 ¹)
1587 940 1765 1007 Dicit
1827 940 2028 1023 igitur
2093 937 2255 1006 Call.

137 1045 502 1128 pharetras
548 1060 659 1108 eas
705 1048 1004 1126 portasse
1049 1063 1178 1108 non
1226 1043 1493 1123 dextris,
1540 1042 1657 1108 sed
1700 1042 1983 1107 sinistris
2029 1040 2256 1107 hume—

138 1149 276 1224 ris;
327 1155 525 1231 atque
572 1168 653 1212 ex
682 1146 806 1211 hac
846 1167 935 1227 re,
982 1146 1157 1229 quod
1204 1152 1343 1213 tam
1391 1146 1634 1212 diserte
1680 1144 2074 1228 definiteque
2118 1166 2260 1211 sen-

131 1252 419 1318 tentiam
494 1271 683 1316 suam
757 1249 1037 1333 profert,
1115 1250 1509 1316 concludere
1584 1248 1899 1315 debemus
1973 1247 2257 1331 aliquem

132 1358 408 1436 poetam
485 1352 819 1436 quondam
890 1374 1192 1418 narrasse
1266 1355 1661 1419 Amazonem
1733 1351 1833 1417 vel
1905 1350 2259 1436 nympham

133 1456 531 1539 pharetram
574 1462 876 1539 portasse
923 1455 1152 1521 dextro
1198 1455 1490 1538 humero,
1547 1461 1745 1540 atque
1790 1460 2017 1520 contra
2059 1455 2258 1519 istum

131 1562 409 1642 poetam
467 1579 583 1643 suo
638 1579 819 1626 more
877 1559 1351 1627 Callimachum
1394 1559 1505 1625 hic
1546 1579 1868 1643 pugnare3
1934 1564 2050 1622 aut
2103 1561 2258 1622 tunc

132 1662 465 1745 temporis
520 1662 588 1727 in
642 1665 1059 1729 contentione
1104 1664 1389 1747 positum
1448 1683 1627 1741 esse,
1693 1667 1915 1728 utrum
1968 1660 2093 1726 hae
2146 1661 2258 1726 he-

133 1765 368 1830 roides
413 1764 759 1849 pharetras
805 1771 1185 1850 portassent
1227 1765 1517 1832 humeris
1566 1763 1817 1829 dextris
1848 1786 1930 1830 an
1962 1765 2259 1844 sinistris,

135 1867 619 1935 Callimachum
677 1880 899 1936 autem
955 1871 1463 1936 controversiam
1520 1866 1883 1955 diiudicare
1929 1866 2258 1933 studuisse

132 1972 267 2037 hoc
316 1976 592 2055 versu.²)

315 2079 534 2158 Atque
597 2080 855 2141 statuas
923 2097 1073 2143 cum
1138 2076 1469 2159 pharetris
1535 2076 1873 2159 praeditas
1927 2075 1982 2139 si
2039 2075 2260 2159 perlu-

136 2183 452 2257 stramus,
498 2179 793 2245 videmus
837 2179 1158 2262 plurimas
1203 2178 1383 2245 illam
1417 2185 1674 2262 gestare
1706 2179 1936 2244 dextro
1968 2178 2256 2244 humero.

136 2280 591 2347 Nihilominus
647 2283 849 2348 etiam
897 2283 1180 2348 sinistris
1233 2282 1526 2348 humeris
1581 2282 1881 2347 videntur
1915 2286 2257 2366 ·portasse,

137 2384 330 2470 quod
376 2384 598 2451 videre
641 2384 799 2451 licet
837 2407 889 2456 e.
921 2407 980 2471 g.
1014 2388 1081 2453 in
1114 2407 1268 2453 vase
1299 2385 1623 2468 Ruviensi,
1663 2386 1732 2451 in
1766 2406 1896 2469 quo
1930 2385 2260 2470 depictum

135 2496 247 2556 est
304 2495 639 2555 certamen
700 2489 876 2555 inter
939 2492 1269 2576 Marsyam
1327 2497 1394 2556 et
1452 2491 1824 2574 Apollinem
1890 2491 2260 2558 institutum

136 2593 350 2675 (Mon.
382 2591 540 2658 Inst.
576 2592 747 2674 VIII,
778 2602 884 2672 42,
914 2593 1343 2676 Baumeister,
1376 2593 1549 2678 effig.
1586 2602 1755 2676 965),
1803 2601 1869 2659 et
1898 2594 1961 2658 in
1995 2616 2258 2662 nummo

137 2694 373 2780 aliquo
418 2696 851 2762 Chersonnesi
882 2697 1201 2763 Tauricae
1248 2697 1497 2780 (Sallet‚
1528 2697 1840 2765 Zeitschr.
1871 2696 1916 2761 f.
1949 2697 2258 2765 Numism.

131 2798 184 2879 Ι,
247 2807 318 2880 1;
367 2798 617 2880 Baum.,
664 2798 768 2869 eff.
820 2806 1026 2884 1081).
1114 2800 1196 2868 cf.
1254 2804 1452 2867 etiam
1508 2800 1619 2866 Ov.
1676 2805 1828 2868 met.
1882 2800 2055 2882 VIII,
2115 2806 2260 2882 320,

134 2901 262 2967 ubi
309 2901 393 2967 de
437 2902 748 2968 Atalante
795 2910 896 2970 est
940 2925 1153 2971 sermo

406 3025 486 3071 ex
531 3027 759 3073 umero
803 3008 1093 3092 pendens
1138 3007 1493 3074 resonabat
1538 3006 1828 3073 eburnea
1867 3007 2054 3074 laevo

406 3107 688 3175 telorum
734 3116 970 3179 custos.

320 3213 538 3294 Atque
584 3218 814 3278 contra
858 3213 1134 3280 formam
1168 3206 1514 3280 ἆθυλώτου
1556 3214 1856 3281 vocabuli
1899 3213 2078 3280 haud
2126 3217 2257 3281 scio

134 3336 228 3379 an
276 3334 473 3380 nemo
519 3315 882 3399 quidquam
938 3317 1155 3383 dicere
1209 3305 1457 3402 possit;⁴
1505 3324 1606 3383 est
1663 3319 1835 3384 enim
1888 3317 2174 3385 formata
2218 3340 2258 3382 a

136 3418 356 3501 stirpe
407 3417 570 3483 θυλ-
630 3440 829 3502 quam
886 3420 1182 3487 videmus
1242 3420 1311 3484 in
1357 3416 1681 3506 θυλλίς,3)
1736 3419 2055 3502 θύλακος,
2125 3428 2254 3488 θυ-

284 3663 328 3721 1)
364 3659 432 3714 cf.
471 3659 639 3715 schol.
676 3659 748 3714 ad
785 3681 825 3731 φ
860 3660 931 3715 54
964 3664 1235 3735 γωρυτῷῖ
1258 3658 1461 3733 ἐλύτρῳ
1495 3664 1598 3714 τοῦ
1630 3659 1812 3721 τόξου.

286 3747 328 3813 ⁹)
366 3744 532 3801 Tales
567 3746 1017 3817 quaestiunculas
1053 3763 1164 3802 non
1201 3745 1408 3801 alienas
1445 3762 1480 3800 a
1514 3762 1573 3801 se
1606 3750 1832 3817 putasse
1866 3748 2258 3818 grammaticos

138 3830 563 3886 Alexandrinos
600 3830 1014 3886 demonstratur
1048 3831 1219 3887 schol.
1245 3831 1293 3886 B
1333 3832 1404 3886 ad
1432 3836 1479 3885 Θ
1500 3833 1621 3902 328,
1658 3832 1755 3887 ubi
1789 3832 1955 3887 etiam
1992 3833 2256 3888 discimus

137 3917 195 3972 N
198 3916 441 3972 eotelem
490 3918 768 3988 quendam
819 3922 1004 3972 totum
1050 3917 1263 3972 librum
1311 3918 1594 3990 scripsisse
1635 3923 1758 3993 ἐτερὶ
1802 3923 1895 3986 τῆς
1943 3918 2083 3972 κατὰ
2128 3918 2257 3975 τούς

138 4000 331 4074 ἥρωας
364 4002 596 4072 τοξείας,
631 4009 687 4058 et
720 4003 820 4057 BL
854 4004 925 4058 ad
967 4008 1011 4057 0
1045 4004 1162 4059 541.

289 4092 338 4158 ⁸)
376 4100 492 4160 qua
524 4090 584 4144 in
619 4106 752 4145 voce
787 4089 1086 4161 geminatio
1120 4089 1335 4145 litterae
1358 4087 1388 4140 λ
1420 4089 1748 4161 explicanda
1782 4089 1999 4145 videtur
2021 4106 2052 4145 e
2073 4090 2252 4145 forma

140 4175 506 4232 deminutiva.

1800 4262 1837 4318 5
