2969 4832
1039 321 1460 384 ...47-

201 483 398 569 frgm.
444 491 526 553 34

381 583 425 680 ἥ
467 611 550 673 με
568 591 618 672 ¹)
662 584 892 655 Κόνων
936 583 1214 677 ἔβλεψεν
1259 586 1326 655 ἐν
1368 583 1536 678 ἠέρι,
1580 585 1696 657 τὸν
1743 585 2078 679 Βερενίκης

377 689 752 778 βόστρυχον.
763 696 812 774 ²)

201 795 345 862 Hos
389 794 568 861 locos
615 794 670 859 si
715 795 1233 879 perlustraveris,
1290 795 1515 861 statim
1558 795 1811 863 videbis
1855 796 2115 862 duobus
2159 796 2315 862 ulti-

198 899 327 963 mis
359 890 487 989 ἀήρ
525 896 915 964 vocabulum
959 920 1190 983 parum
1237 903 1393 982 apte
1435 898 1803 965 adhibitum
1845 920 1987 966 esse
2034 900 2114 966 de
2160 900 2316 967 stel-

194 1001 418 1066 larum
461 1000 750 1085 regione,
799 1023 941 1067 cum
981 1002 1048 1067 in
1091 1002 1376 1068 secundo
1421 1001 1662 1086 hymno
1708 1007 1885 1069 recte
1926 1008 2316 1089 usurpatum
2443 1040 2452 1053 ·

198 1104 295 1170 sit
342 1104 425 1171 de
470 1102 779 1170 inferiore
833 1107 1014 1186 aere3
1078 1125 1229 1171 nam
1275 1105 1331 1170 si
1377 1125 1620 1171 canens
1682 1104 1825 1171 olor
1876 1105 2150 1191 fingitur
2205 1112 2317 1173 'au-

195 1206 412 1289 ditus,
476 1228 608 1274 non
664 1228 866 1292 supra
921 1207 1128 1274 nubes
1182 1207 1405 1274 volare
1469 1213 1714 1291 potest,
1785 1213 1989 1293 atque
2042 1231 2123 1276 ex
2166 1211 2317 1296 ipsa

193 1311 697 1394 propinquitate
766 1310 904 1375 avis
973 1311 1371 1396 Apollinaris
1438 1310 1852 1378 concluditur
1915 1312 2313 1379 adventurus

194 1413 385 1479 deus.
477 1413 676 1479 Vides
719 1414 919 1497 igitur
963 1415 1159 1500 plane
1205 1421 1281 1481 ut
1322 1413 1739 1500 Apollonium
1785 1416 1893 1500 (cf.
1945 1415 2147 1483 Merk.
2190 1415 2234 1481 l.
2269 1416 2311 1480 1.

191 1538 265 1601 p.
313 1519 425 1600 76)
467 1517 566 1581 ita
612 1517 809 1582 etiam
865 1517 1358 1599 Callimachum,
1404 1519 1460 1583 si
1509 1517 1775 1600 quidem
1823 1517 1907 1584 ab
1952 1518 2313 1585 Aristarchi

194 1618 628 1685 distinctione
693 1620 1193 1705 proficiscimur,
1259 1620 1663 1689 confundere
1707 1621 2026 1688 vocabula
2078 1613 2205 1713 ἀήρ
2249 1626 2316 1688 et

190 1718 446 1813 αἶθήρς
488 1721 566 1793 cf.
614 1722 919 1793 Schneid.
966 1724 1013 1790 Ι.
1059 1747 1123 1810 p.
1171 1731 1315 1807 293,
1359 1724 1619 1790 Scheer.
1663 1746 1727 1808 p.
1774 1731 1831 1793 6.

372 1825 508 1890 Iam
564 1821 816 1917 αἰθήρ
872 1826 1260 1894 vocabulum
1316 1827 1492 1912 apud
1550 1826 2016 1894 Callimachum
2073 1826 2315 1912 legitur

193 1933 335 1996 ter:
381 1927 490 1996 IV.
538 1937 619 1997 59

463 2036 556 2120 τῷ
604 2037 686 2119 ῥα
729 2030 840 2098 καὶ
888 2028 1059 2124 αὐτῆ
1110 2033 1327 2118 (Iuno)
1372 2033 1494 2118 μὲν
1535 2027 1825 2125 σκοπιὴν
1868 2028 1999 2115 ἔχει
2043 2028 2315 2121 αἰθέρος

1789 2131 1964 2218 εἴσω,

193 2237 301 2303 IV.
351 2245 475 2306 257

1254 2334 1487 2408 αὐτίκα
1530 2333 1589 2408 δ’
1637 2334 1844 2432 αἰθὴρ

450 2445 719 2529 χάλκεος
762 2439 1084 2539 ἀντήχησε
1130 2443 1534 2536 διαπρυσίην
1579 2438 1905 2538 ὄλολυγήν.

190 2550 304 2617 VI.
361 2557 443 2618 37
1267 2553 1271 2558 ⁶

454 2644 533 2746 ἧς
575 2651 652 2721 δέ
693 2678 801 2735 τις
842 2647 1136 2742 αἴγειρος,
1182 2649 1354 2741 μέγα
1401 2650 1714 2740 δένδρεον,
1759 2648 1993 2742 αἰθέρι
2033 2657 2237 2741 κίρον.

189 2758 563 2823 Praemitto
610 2757 1143 2824 verisimillimum
1195 2777 1336 2823 esse
1381 2756 1583 2838 illum,
1631 2756 1686 2822 si
1730 2758 2112 2823 nescivisset
2149 2750 2309 2844 ἀέρα

191 2882 339 2927 esse
385 2860 761 2928 inferiorem
806 2860 1012 2925 solam
1058 2865 1313 2943 partem
1361 2860 1554 2941 aeriS,
1599 2882 1680 2925 ne
1709 2860 1833 2925 hoc
1878 2860 2142 2945 quidem
2188 2861 2307 2926 sci-

191 2965 367 3030 visse
434 2958 684 3053 αἰθέρα
752 2984 894 3029 esse
960 2962 1363 3048 superiorem
1431 2964 1639 3029 solam
1706 2969 1983 3048 partem.
2100 2964 2303 3030 Recte

195 3074 416 3134 autem
462 3068 685 3152 posuit
728 3067 854 3134 hoc
891 3065 1273 3132 vocabulum
1319 3066 1534 3150 primo
1578 3066 1692 3133 illo
1738 3067 1896 3147 loc0‚
1943 3087 2092 3132 cum
2135 3067 2311 3151 apud

190 3170 553 3237 Homerum
599 3192 862 3255 quoque
928 3170 1021 3236 dii
1075 3172 1142 3236 in
1200 3170 1465 3237 aethere
1531 3169 1932 3238 habitarent.
2021 3169 2099 3235 cf.
2146 3162 2311 3250 Ζεὺς

191 3268 428 3363 αἰθέρι
480 3270 679 3340 ναίων
738 3298 774 3340 o
819 3281 968 3355 523,
1036 3279 1098 3339 B
1140 3281 1286 3356 412,
1355 3277 1420 3340 A
1468 3279 1609 3342 166.
1722 3274 2020 3341 Secundo
2088 3278 2309 3339 autem

192 3377 345 3443 loco
386 3376 471 3442 ab
504 3377 778 3443 Homeri
824 3397 944 3443 usu
991 3376 1302 3461 loquendi
1349 3377 1626 3459 recedit3
1672 3398 1824 3443 nam
1870 3372 2117 3462 αἰθέρα
2157 3374 2308 3460 χάλ-

343 3604 387 3665 1)
423 3600 504 3657 sic
524 3601 585 3656 in
609 3600 729 3657 cod.
748 3598 1035 3657 Marciano
1068 3600 1402 3656 scholiorum
1437 3601 1772 3657 Arateorum
1801 3602 1871 3657 cf.
1894 3600 1966 3656 de
1996 3599 2305 3657 Wilamow.

191 3687 392 3744 Herm.
430 3686 600 3743 XIV.
634 3704 691 3759 p.
726 3689 842 3745 199.

333 3776 378 3842 ⁹)
416 3773 675 3845 Denique
723 3773 853 3830 licet
903 3773 1074 3830 etiam
1120 3787 1153 3827 e
1204 3772 1414 3828 Catulli
1465 3790 1626 3831 coma
1676 3773 1963 3830 Berenices
2014 3788 2180 3829 carm.
2224 3773 2293 3827 66

188 3859 384 3915 afferre
416 3875 469 3914 v.
504 3861 540 3915 6

528 3951 596 4001 ut
629 3945 870 4001 Triviam
909 3944 1103 4000 furtim
1138 3944 1245 4001 sub
1280 3945 1507 4001 Latmia
1541 3962 1678 4001 saxa
1710 3945 1959 4017 relegans

618 4031 798 4087 dulcis
834 4048 990 4087 amor
1023 4047 1160 4103 gyro
1193 4031 1423 4088 devocet
1457 4031 1617 4086 aerio.

189 4118 257 4172 cf.
292 4113 579 4190 Kiessling
614 4118 685 4172 ad
721 4118 862 4173 Hor.
899 4134 1067 4173 carm.
1104 4118 1152 4187 I,
1189 4119 1275 4187 28,
1309 4119 1359 4174 5.
