2969 4832
1488 340 1956 402 -104-

665 506 969 573 Ceterum
1024 506 1091 570 in
1137 504 1527 573 Callimachi
1595 506 1995 588 carminibus
2063 507 2248 574 nobis
2316 508 2595 574 servatis
2650 529 2795 574 non

665 609 815 693 plus
849 612 1164 692 quattuor
1194 607 1394 673 verba
1423 613 1703 691 exstant,
1749 630 1916 694 quae
1962 609 2136 675 binis
2183 610 2798 694 praepositionibus

667 712 1019 778 coniuncta
1072 715 1253 776 sunt:
1306 710 1422 793 ΠΙ,
1467 719 1594 780 223
1642 708 2272 795 συνεπιψεύσονταις
2323 713 2431 794 IV,
2487 721 2607 781 179
2662 706 2802 797 ἀμ·-

667 811 1308 902 φιπεριστείνωνται,
1381 820 1505 882 207
1566 811 1919 902 ἐξανίησιν,
1984 813 2171 900 frgm.
2230 824 2307 885 19
2360 811 2800 899 εἶσανέβαν.ῑ)

669 918 850 996 Quae
907 938 1057 984 cum
1110 917 1207 982 ita
1261 939 1333 984 se
1382 917 1697 997 habeant,
1753 924 1932 984 recte
1988 918 2563 986 Wilamowitzium
2610 939 2800 985 com-

669 1041 932 1087 munem
977 1021 1368 1105 scripturam
1413 1027 1705 1090 mutasse
1751 1022 2002 1106 nego.²)

1541 1209 1676 1275 ·111.
1725 1215 1870 1281 243.

801 1322 1032 1395 Λῦταὶ
1076 1325 1157 1408 δ’,
1211 1320 1392 1397 Οὗπι
1436 1323 1710 1410 ἷίνασσα,
1757 1327 1917 1415 περὶ
1964 1328 2203 1418 πρύλιν
2244 1324 2624 1422 ὠρχήσαντο

803 1437 1037 1519 πρῶτα
1078 1430 1199 1517 μὲν
1240 1431 1309 1499 ἐν
1356 1431 1707 1501 σακέεσσιν
1751 1430 2074 1513 ἐνόπλιον,
2122 1422 2290 1500 αὖθι
2338 1433 2414 1499 δὲ
2460 1430 2670 1519 κύκλῳ

800 1532 1199 1623 στησάμεναι
1245 1532 1436 1624 χορὸν
1480 1532 1668 1624 εὐρύν
1694 1557 1709 1572 ·
1734 1530 2057 1627 ὑπήεισαν
2100 1534 2175 1602 δὲ
2218 1532 2458 1623 λίγειαι

802 1635 1156 1706 λεπταλέον
1198 1637 1507 1726 σύριγγες,
1553 1640 1663 1705 ἵνα
1709 1634 2108 1730 πλήσσωσιν
2149 1633 2419 1728 ὁμαρτῇ.

845 1741 955 1807 Sic
1006 1761 1229 1807 versus
1297 1741 1694 1808 exhibentur
1752 1744 1819 1807 in
1884 1742 1939 1806 E
2005 1741 2415 1827 apographo,
2484 1748 2540 1809 A
2592 1742 2807 1808 habet

672 1847 782 1913 ἵνα
847 1841 1194 1936 πλήσωσιν
1257 1840 1525 1933 ὁμαρτῇ.
1650 1845 1981 1912 Arnaldus
2055 1851 2278 1913 autem
2354 1852 2421 1912 et
2482 1845 2806 1911 Reiskius

676 1952 1105 2016 correxerunt
1156 1944 1559 2031 πλίσσωσιν,
1609 1970 1778 2033 quae
1837 1950 2221 2015 coniectura
2276 1948 2583 2016 omnibus
2637 1969 2805 2032 pro-

673 2052 833 2118 bata
888 2055 1020 2132 est;
1085 2051 1246 2118 mihi
1301 2071 1430 2117 non
1486 2051 1727 2135 placet.
1844 2052 2097 2130 Quodsi
2165 2050 2327 2118 Call.
2400 2051 2806 2135 scripsisset,

673 2155 1017 2222 immemor
1082 2151 1314 2220 fuisset
1373 2153 1686 2222 dictionis
1753 2154 2184 2232 Homericae;
2256 2154 2367 2220 hic
2433 2155 2606 2221 enim
2670 2153 2809 2220 hoc

674 2256 992 2323 vocabulo
1038 2257 1238 2324 semel
1283 2256 1500 2322 utitur
1544 2257 1583 2339 ζ
1628 2265 1754 2326 318

807 2356 880 2428 αἱ
924 2355 982 2426 δ’
1030 2348 1100 2426 εὗ
1141 2359 1262 2446 μὲν
1305 2358 1591 2449 τρώχων,
1638 2350 1707 2427 εὗ
1751 2359 1826 2429 δὲ
1873 2357 2240 2430 πλίσσοντο
2288 2358 2633 2429 πόδεσσιν.

675 2465 807 2533 Sed
852 2472 930 2532 ut
970 2466 1148 2532 vides
1192 2464 1406 2531 medio
1459 2464 1673 2531 utitur
1723 2487 1988 2550 genere,
2056 2486 2187 2531 non
2243 2465 2487 2546 activo;
2556 2464 2806 2531 deinde

675 2571 839 2636 dicit
901 2568 983 2635 de
1049 2567 1289 2635 mulis
1357 2567 1805 2648 currentibus,
1880 2568 2356 2636 Callimachum
2423 2572 2674 2647 autem,
2746 2568 2807 2632 si

675 2672 1123 2741 transtulisset
1166 2670 1254 2736 ad
1299 2676 1664 2738 Amazones
1723 2671 2075 2753 saltantes,
2142 2671 2324 2737 haud
2366 2671 2463 2736 ita
2508 2670 2809 2753 eleganti

679 2797 913 2864 genere
971 2774 1300 2843 scribendi
1356 2794 1631 2841 usurum
1685 2775 1890 2841 fuisse
1943 2774 2108 2843 mihi
2154 2774 2499 2840 concedas
2614 2773 2807 2851 Quae

677 2879 1028 2965 opprobria
1072 2879 1377 2945 nimirum
1414 2897 1547 2942 non
1578 2878 1771 2944 irrita
1799 2877 1969 2944 fiunt
1997 2898 2075 2944 eo
2105 2877 2272 2959 loco,
2305 2898 2500 2961 quem
2534 2876 2808 2943 Schnei-

680 2984 877 3054 derus
931 3003 991 3051 a.
1035 2982 1101 3046 h.
1145 3003 1202 3047 V.
1262 2980 1427 3047 citat
1484 3001 1566 3046 ex
1620 2981 1898 3067 Hesych.
1954 2980 2078 3061 111,
2134 3002 2197 3065 p.
2244 2988 2367 3049 347
2432 2976 2808 3061 πλίξαντα·

681 3082 1022 3170 διαβάντα.

850 3189 996 3255 Iam
1037 3207 1189 3253 vero
1236 3190 1519 3271 apparet
1549 3185 2047 3268 Callimachum,
2092 3207 2245 3253 cum
2264 3190 2625 3254 Amazones
2671 3187 2808 3253 sal-

684 3298 902 3362 tantes
957 3289 1379 3371 describeret,
1432 3297 1587 3355 ante
1633 3287 1858 3356 oculos
1903 3289 2214 3356 habuisse
2259 3289 2680 3356 saltationem
2721 3291 2807 3356 il-

680 3397 842 3477 lam,
900 3390 1098 3478 quam
1152 3392 1222 3458 in
1267 3391 1543 3459 Achillis
1600 3396 1787 3458 scuto
1844 3392 2133 3460 effictam
2190 3393 2516 3459 Homerus
2571 3400 2808 3458 narrat

683 3507 740 3566 Σ
779 3507 903 3568 569
953 3517 1098 3581 sqq.

823 3706 861 3772 ¹)
898 3701 968 3758 cf.
1004 3700 1174 3757 etiam
1212 3701 1433 3757 Bredau
1468 3700 1507 3755 l.
1541 3701 1578 3755 1.
1614 3718 1670 3773 p.
1707 3702 1791 3757 92.

822 3793 866 3859 ¹)
904 3787 973 3844 cf.
1024 3787 1196 3843 sehol.
1242 3789 1297 3842 A
1351 3786 1423 3841 ad
1464 3791 1513 3840 A
1558 3788 1627 3843 94
1686 3784 1902 3855 ,,τλαιής
1962 3808 2058 3841 κεν
2101 3785 2366 3853 Μενελάῳ
2417 3789 2511 3838 ἔπι
2563 3792 2807 3857 προέμεν

683 3875 860 3946 ταχύν
896 3875 1033 3929 ἰόν.“
1115 3870 1481 3948 Ἀρίσταρχος
1518 3870 1878 3946 ἀναστρέφει,
1928 3874 2019 3926 ἵνα
2054 3871 2121 3926 τὸ
2158 3872 2274 3939 ἑξῆς
2306 3875 2531 3945 γένηται
2566 3875 2657 3924 ἐπὶ
2693 3879 2804 3926 Με-

684 3960 885 4029 νελάῳ,
924 3959 994 4016 ὡς
1029 3965 1122 4013 καὶ
1158 3955 1241 4012 ἐπ’
1281 3964 1493 4013 ἐκείνου
1533 3951 1602 4027 ,,ἧ
1638 3964 1731 4012 καὶ
1766 3954 1848 4011 ἐπ’
1883 3954 2149 4026 Ἀντινόῳ
2185 3958 2417 4011 ἴθυνεν(
2444 3961 2495 4026 (χ
2515 3958 2584 4026 8).
2630 3963 2803 4012 Μενε-

685 4046 886 4122 κράτης
922 4044 984 4100 δὲ
1016 4043 1049 4099 ὁ
1083 4041 1352 4113 Μιλήσιος
1388 4041 1473 4116 ὑφ’
1514 4049 1592 4113 ἕν,
1627 4047 1974 4118 ἐπιπροέμεν,
2009 4041 2209 4114 ὁμοίως
2242 4047 2326 4112 τῷ
2361 4043 2676 4116 ἐπιπροΐηλε
2710 4065 2803 4099 και

682 4137 1028 4207 ἐπιπροέηκε,
1064 4128 1129 4183 ἵν’
1170 4134 1395 4203 έζιιφασις
1427 4129 1640 4202 μᾶλλον
1672 4135 1911 4203 γένηται.
