2969 4832
1551 373 1981 434 ...98-

711 559 898 624 quam
944 541 1377 603 Aristarchum
1428 541 1723 621 probasse
1771 541 2035 603 tradunt
2079 533 2285 603 scholl.
2339 543 2402 603 Φ
2443 541 2641 620 565,1)
2686 534 2826 604 κνί-

715 663 835 730 σην
862 640 1275 726 μελδόμενος,
1322 663 1462 706 cum
1495 644 1614 705 alii
1649 639 1831 731 κνίσῃ
1877 645 1996 706 alii
2037 639 2224 729 κνίση
2264 634 2608 726 οὐδετέρως
2654 642 2830 727 leye-

715 752 879 809 rent.
969 744 1110 810 Hoc
1167 749 1285 825 est,
1330 745 1398 808 ni
1447 746 1704 830 egregie
1750 745 1973 811 fallor:
2040 745 2291 812 Gallim.
2349 744 2623 810 eandem
2670 744 2832 809 scri-

709 851 977 930 pturam
1042 848 1348 931 probavit
1425 869 1627 932 quam
1700 847 2137 914 Aristarchus,
2256 848 2353 912 At
2419 848 2826 912 contrarium

710 971 933 1016 verum
981 956 1099 1017 est.
1211 951 1378 1016 Nam
1426 972 1710 1035 quanam
1757 953 1825 1016 in
1870 974 1941 1018 re
1987 951 2351 1017 haerebant
2410 950 2831 1034 grammatici

714 1053 1024 1137 antiqui?
1143 1054 1481 1120 Passivum
1564 1056 1851 1139 positum
1934 1076 2078 1122 esse
2165 1054 2632 1119 existimabant
2705 1074 2832 1137 pro

714 1157 949 1238 activo,
984 1157 1054 1221 id
1086 1158 1264 1241 quod
1296 1159 1546 1242 apertis
1576 1158 1793 1225 verbis
1827 1160 1990 1224 dicit
2017 1158 2425 1223 Aristonicus
2445 1159 2496 1242 ²)
2528 1157 2595 1221 in
2628 1156 2836 1223 schol.

713 1264 795 1326 A:
857 1255 960 1328 ὅτι
1013 1253 1161 1326 ἀντὶ
1225 1265 1342 1348 τοῦ
1407 1260 1686 1346 μέλὸων,
1755 1260 1964 1353 τήκων
2017 1260 2102 1328 τὰ
2156 1255 2372 1347 κνίση,
2444 1252 2835 1347 παθητικὸν

713 1357 856 1429 ἀντὶ
922 1369 1034 1429 τοῦ
1097 1362 1529 1451 ἕνεργητικοῦ,
1595 1370 1793 1449 atque
1846 1367 2066 1449 pergit
2109 1364 2313 1430 schol.
2371 1361 2694 1451 γράφουσι.
2753 1362 2833 1428 δέ

713 1491 881 1547 τινες
932 1464 1153 1554 κνίσην
1208 1461 1323 1532 σὺν
1378 1470 1470 1554 τῷ
1519 1492 1581 1532 ν·
1629 1462 1834 1548 οὕτως
1887 1466 2007 1554 γὰρ
2052 1466 2161 1533 καὶ
2203 1459 2650 1553 Ἀρίσταρχος,
2717 1461 2834 1531 καί
2908 1537 2915 1542 ,

612 1614 616 1624 «
715 1592 917 1658 φησιν
969 1564 1074 1635 ὅτι
1129 1562 1273 1635 ἀντὶ
1329 1575 1443 1635 τοῦ
1496 1568 1862 1658 τηκόμενος,
1923 1568 2090 1659 ὅπερ
2144 1567 2526 1654 ἱσοόυναμεῖ
2565 1574 2663 1657 τῷ
2706 1567 2835 1659 τή-

715 1699 862 1739 κων.
961 1673 1255 1752 Quocum
1319 1673 1747 1739 conferendus
1815 1681 1916 1741 est
1982 1673 2206 1758 Apoll.
2275 1672 2472 1757 Soph.
2545 1677 2686 1749 110,
2748 1679 2831 1739 32

713 1775 972 1860 μέλὸειν
995 1830 1008 1843 .
1031 1774 1283 1867 τήκειν.
1311 1773 1500 1866 κνίσῃ
1568 1774 1991 1862 μελδόμενος,
2061 1774 2101 1844 ὅ
2158 1772 2303 1842 ἔστι
2356 1773 2588 1867 τήκων.
2703 1776 2835 1842 Alii

717 1885 956 1961 autem,
1002 1881 1119 1965 qui
1163 1880 1288 1945 hoc
1335 1882 1741 1965 „passivum“
1798 1903 1945 1946 cum
1991 1882 2360 1946 accusativo
2408 1880 2833 1945 coniunctum

716 1983 1051 2068 explicare
1105 2004 1237 2049 non
1295 1989 1634 2067 poterant,
1702 1988 1822 2049 aut
1874 1979 2101 2071 κνίσης
2156 1982 2265 2065 (cf.
2322 1982 2522 2048 schol.
2578 1984 2659 2065 A)
2718 1987 2838 2047 aut

640 2152 646 2158 ,
717 2083 900 2176 κνίσῃ
956 2086 1188 2171 (schol.
1237 2086 1310 2166 Β,
1362 2087 1631 2174 Townl.)
1702 2092 1820 2151 aut
1882 2083 2068 2175 κνίσῃ
2134 2082 2535 2169 μελὸομένου
2602 2083 2838 2167 (schol.

716 2189 985 2275 Townl.)
1041 2191 1462 2255 coniecerunt
1516 2196 1582 2256 et
1635 2191 1829 2255 variis
1895 2189 2109 2256 modis
2177 2187 2595 2272 interpretati
2655 2193 2834 2252 sunt.

714 2293 916 2377 Atqui
964 2292 1125 2357 Call.
1172 2294 1228 2357 si
1275 2293 1504 2359 scribit
1561 2291 1750 2379 γέντα
1803 2290 2173 2377 μέλὸοντες,
2243 2313 2370 2356 non
2426 2286 2835 2375 μελδόμενοι,

715 2400 856 2482 ipse
903 2418 1163 2481 quoque
1207 2396 1475 2477 iudicat,
1533 2399 1814 2462 activum
1866 2397 1919 2461 si
1967 2401 2142 2462 esset
2183 2394 2605 2479 participium
2652 2393 2837 2478 apud

717 2501 1098 2580 Homerum,
1129 2499 1440 2566 utendam
1471 2501 1672 2566 fuisse
1702 2500 1978 2565 formam
2012 2500 2311 2579 activam,
2342 2497 2836 2564 Aristarcheam

717 2605 920 2688 igitur
965 2605 1353 2689 scripturam
1401 2624 1531 2669 non
1577 2603 1900 2688 probavit.

890 2707 994 2772 Ad
1048 2706 1223 2773 hunc
1281 2713 1501 2773 autem
1557 2707 1828 2773 Homeri
1890 2707 2108 2772 locum
2163 2724 2433 2789 prorsus
2487 2724 2658 2769 nova
2713 2724 2837 2769 nos

719 2811 968 2877 scholia
1016 2797 1427 2877 Genavensia
1483 2832 1692 2895 nuper
1751 2813 2016 2876 inventa
2059 2810 2453 2886 docuerunt,
2509 2828 2542 2871 e
2589 2806 2838 2889 quibus

719 2916 880 2981 haec
935 2916 1369 2998 comperimus
1416 2914 1871 2982 Callistratum
1925 2933 2184 2997 quoque
2239 2908 2461 2998 κνίσην
2501 2905 2837 2994 μελδόμε-

718 3042 823 3097 νος
866 3018 1206 3101 scripsisse
1251 3022 1452 3101 atque
1501 3017 1887 3101 explicasse:
1936 3013 2057 3107 τὴν
2088 3012 2377 3105 πιμελὴν
2407 3009 2623 3102 τήκων
2654 3006 2839 3077 ἁπα-

719 3122 833 3188 λοῦ
886 3117 1060 3200 συός.
1171 3121 1311 3186 Iam
1377 3142 1530 3186 vero
1598 3121 1654 3186 si
1722 3120 1993 3186 eandem
2063 3119 2430 3203 opinionem
2499 3113 2835 3199 prolatam
2932 3172 2935 3173 ε

718 3225 1015 3290 videmus
1073 3223 1155 3290 ab
1210 3226 1586 3290 Aristarcho
1656 3229 1723 3290 et
1782 3245 1821 3288 a
1865 3223 2270 3303 Callistrato,
2335 3221 2505 3285 licet·
2546 3217 2838 3284 fortasse

721 3329 1018 3394 conicere
1062 3326 1242 3392 illam
1288 3329 1507 3395 redire
1553 3329 1636 3394 ad
1683 3327 2187 3411 Aristophanem
2232 3322 2624 3408 Byzantium
2667 3323 2838 3386 utri·-

722 3453 929 3516 usque
985 3431 1392 3515 magistrum.
1483 3435 1698 3515 Atque
1761 3432 1958 3496 etiam
2007 3429 2351 3507 Comanus,
2412 3446 2607 3510 quem
2653 3425 2836 3489 Nau-

724 3540 1023 3603 cratitam
1081 3554 1221 3600 esse
1275 3536 1382 3601 hic
1436 3535 1765 3615 discimuS,
1821 3533 2085 3616 scripsit
2136 3529 2355 3618 κνίσην
2416 3525 2836 3614 μελδόμενος,

722 3636 909 3719 (ἦτως
962 3636 1189 3726 κέηται
1235 3631 1313 3704 τὸ
1356 3629 1741 3725 παθητικὸν
1795 3631 1937 3703 ἀντὶ
1981 3641 2098 3702 τοῦ
2143 3633 2569 3721 ἐνεργητικοῦ,
2631 3638 2837 3715 atque

722 3743 779 3808 is
837 3763 1098 3826 quoque
1151 3745 1369 3826 potest
1432 3761 1575 3806 esse
1640 3740 1999 3824 discipulus
2051 3736 2539 3821 Aristophanis3
2611 3735 2837 3800 adhuc

865 4003 913 4066 1)
1030 3996 1102 4053 ὡς
1138 3996 1197 4050 δὲ
1232 3998 1388 4067 λέβης
1424 4001 1506 4061 ζεῖ
1538 3995 1715 4064 ἔνδον,
1752 3996 2095 4068 ἐπειγόμενος
2128 3999 2259 4068 πυρὶ
2293 3992 2497 4062 πολλῷ,

1034 4091 1227 4152 κνίσην
1258 4082 1583 4152 μελδόμενος
1620 4082 2021 4154 ἁπαλοτρεφέος
2056 4080 2266 4135 σιάλοιο
2301 4080 2415 4133 κτλ.

863 4176 906 4243 ²)
947 4173 1015 4228 cf.
1049 4172 1217 4227 etiam
1252 4170 1612 4226 Friedlz'inder
1646 4187 1698 4241 p.
1734 4170 1784 4224 2.
