2969 4832
703 534 812 595 tur
877 529 1345 598 Callimachum
1416 527 1626 621 Sellos
1699 522 2069 586 nominatos
2143 536 2286 581 esse
2358 499 2772 578 ἆνιπτόποὸας

704 639 992 718 putasse,
1037 633 1216 717 quod
1262 655 1296 699 e
1343 633 1621 717 templQ
1640 648 1767 692 non
1827 621 2139 689 exiissent
2183 619 2252 683 in
2294 617 2502 681 lutum
2544 607 2770 670 viarum.

703 775 788 784 —
833 737 906 801 In
953 737 1178 802 eodem
1226 744 1444 802 autem
1493 730 1772 803 Homeri
1833 746 2026 792 versu
2082 718 2542 789 Callimachum
2581 732 2774 793 χαμαι-

704 836 891 920 εόνας
935 841 1527 924 circumscripsisse
1601 863 1678 927 γη
1761 829 1918 915 χέας
1990 821 2408 914 θεράποντας
2478 809 2776 902 ἆσιγήτοιο

703 940 975 1030 λέβητος
1017 943 1084 1008 in
1130 942 1345 1028 hymn.
1392 943 1502 1009 IV.
1551 951 1674 1011 286
1728 942 1749 1006 i
1917 931 2258 999 Scheerius
2314 949 2375 1011 p.
2418 930 2499 993 23
2556 917 2780 983 demon-

705 1046 948 1112 stravit.

1260 1236 1476 1320 Frgm.
1521 1235 1700 1319 apud
1746 1237 2098 1304 Reitzenst.
2145 1244 2245 1304 20.

876 1357 1315 1421 Reitzenstein
1372 1358 1440 1420 in
1498 1355 1630 1422 ind.
1678 1355 1830 1421 lect.
1875 1356 1944 1420 in
1990 1355 2169 1422 acad.
2214 1357 2414 1423 Rosto

709 1460 849 1524 dar.
943 1463 1208 1540 1890s91
1277 1459 1602 1543 quaedam
1648 1458 2034 1525 Callimachi
2099 1459 2423 1544 fragment

709 1562 890 1626 edita
934 1562 1276 1628 nobiscum
1323 1561 1845 1643 communicavit,
1901 1584 2073 1646 quae
2117 1563 2363 1629 invenit
2414 1564 2479 1627 in
2538 1586 2585 1648 g

703 1665 1149 1749 Etymologico
1213 1666 1469 1750 Magno,
1599 1667 1817 1748 Atque
1879 1671 2157 1752 primum
2227 1673 2328 1731 est
2404 1669 2493 1749 (p.
2557 1675 2634 1746 9,
2692 1635 2795 1712 2⁰)
2871 1658 2872 1661 ¹

686 1761 987 1834 ''Haatov
1032 1765 1287 1859 ἡσύχως
1326 1762 1369 1861 ἢ
1407 1763 1677 1859 ήσυχον·
1711 1765 2199 1853 Καλλίμαχος,
2207 1762 2600 1856 ,ἆγροκότε
2716 1736 2799 1900 &a
2871 1800 2872 1831 ‡

707 1868 926 1949 όντος
979 1861 1263 1962 ήκαλον
1308 1868 1602 1939 νότου“.
1688 1865 1873 1959 παρὰ
1916 1864 1996 1938 τὸ
2042 1860 2170 1962 ἧκα
2216 1868 2570 1994 ἐπίρρημα.

705 1969 875 2062 πρὸς
941 1967 1252 2065 ἀλλήλους
1319 1969 1489 2040 ἔπεα
1556 1973 1956 2064 πτερόενταα
2014 1979 2112 2058 (Γ
2156 1977 2322 2059 155),
2393 1967 2433 2066 ἢ
2489 1975 2691 2064 παρὰ
2654 1920 2800 2029 'xlm
2871 1996 2872 2067 J

704 2070 963 2157 ἄκαλον,
1021 2071 1184 2143 ὅθεν
1226 2071 1695 2167 ἅκαλαρρείτης
1740 2073 2024 2165 γίνεται·
2058 2069 2296 2169 ήκαλον
2338 2076 2418 2145 τὸ
2464 2077 2538 2145 δε
2582 2032 2802 2146 οἱκοελ9ν
2871 2072 2872 2079 ¹

706 2171 890 2266 παρὰ
957 2171 1033 2246 τὸ
1100 2179 1326 2269 ἕκηλος
1392 2175 1427 2247 ὁ
1494 2175 1751 2273 ἥσυχος.
1885 2182 2064 2261 Quae
2129 2180 2215 2245 ad
2282 2182 2485 2247 verba
2540 2144 2808 2269 adn0t3
2871 2232 2872 2249 ÷

703 2285 1166 2350 Reitzenstein·
1237 2286 1604 2349 Callimachi
1668 2305 1924 2349 versum
1990 2287 2078 2349 sic
2145 2287 2508 2368 scripserim
2577 2277 2820 2381 οἷργοῖΞ
2871 2290 2872 2303 ’

704 2384 885 2454 κότε
974 2384 1348 2468 πνέοντος
1436 2378 1734 2479 ἤκαλον
1819 2385 2060 2455 νότου.
2151 2409 2296 2453 nam
2372 2380 2570 2477 ἀργὸς
2636 2387 2801 2458 νότο

705 2494 868 2555 idem
914 2500 1024 2571 est,
1071 2495 1182 2575 qui
1225 2485 1550 2612 οἷργεστὴς
1587 2490 1796 2571 νότος
1821 2495 1896 2556 ab
1942 2499 2213 2556 Homero
2261 2494 2641 2575 appellatur.
2694 2499 2834 2558 mi—

705 2615 827 2658 nus
883 2595 1193 2677 placeret:
1267 2586 1465 2682 ἇργου
1519 2595 1603 2677 (ἓ)
1669 2618 1819 2661 κοτε
1886 2592 2201 2675 πλέοντος
2268 2587 2506 2686 ἤκαλον
2568 2621 2831 2663 ναυτου.

703 2697 864 2763 Mihi
897 2698 1089 2781 ⁸prior
1133 2696 1502 2762 emendatio
1545 2699 1804 2764 videtur
1834 2701 1994 2763 satis
2026 2704 2207 2764 certa
2239 2719 2400 2763 esse.
2466 2699 2567 2763 Ita
2598 2703 2830 2764 autem

708 2801 766 2866 si
797 2799 956 2869 Call.
1003 2800 1283 2883 scripsit,
1308 2793 1452 2865 'hoc
1498 2823 1757 2886 quoque
1801 2823 1992 2867 versu
2036 2801 2509 2885 interpretatus
2558 2807 2657 2867 est
2687 2801 2828 2867 Ho-

709 2925 988 2980 merum·;
1065 2904 1304 2969 etenim
1372 2910 1552 2971 recte
1619 2905 2066 2971 Reitzenstein
2133 2903 2294 2970 dicit
2368 2896 2566 2991 ἀργὸν
2630 2900 2872 2988 νότον

704 3007 878 3071 idem
937 3027 1079 3072 esse
1135 3007 1312 3092 quod
1365 3008 1544 3092 apud
1589 3008 1946 3074 Homerum
1992 3013 2070 3074 A
2116 3010 2310 3092 3061)
2370 3008 2457 3072 sit
2500 3000 2872 3098 ἆργεστὴς
2867 3064 2873 3122 4

706 3106 908 3189 νότος.
997 3108 1073 3179 cf.
1119 3111 1350 3177 Horati
1398 3134 1596 3177 carm.
1642 3111 1692 3193 Ι,
1740 3119 1796 3192 ’7,
1847 3119 1930 3179 15

962 3212 1150 3279 albus
1195 3220 1271 3279 ut
1315 3214 1593 3281 obscuro
1640 3214 1941 3299 deterget
1985 3214 2209 3280 nubila
2253 3213 2433 3279 caelo

967 3336 1162 3401 saepe
1209 3325 1402 3384 notus
1448 3339 1662 3403 neque
1706 3318 1993 3402 parturit
2037 3318 2281 3383 imbres

2518 1386 2532 1400 .
2587 1326 2791 1393 haben·
2871 1346 2872 1415 ᾗ

2426 1482 2467 1526 a
2592 1428 2792 1498 ondum

2637 1530 2794 1597 nuino

964 3426 1298 3506 perpetuo,

708 3525 851 3591 Hoc
896 3531 1116 3591 tamen
1182 3524 1568 3592 vocabulum
1636 3524 1887 3609 duplici
1942 3524 2133 3590 modo
2191 3522 2676 3608 explicabatur3
2740 3524 2820 3592 cf.

706 3628 916 3712 Apoll.
964 3628 1156 3712 Soph.
1204 3636 1306 3708 42,
1353 3636 1465 3696 262
1526 3621 1847 3715 ἀργεστᾶο
1888 3624 2154 3694 νότοιο·
2185 3624 2360 3705 τινὲς
2400 3631 2514 3691 τοῦ
2557 3624 2818 3714 λεγομέ-

705 3756 819 3798 νου
863 3732 1257 3799 λευκονότου.
1313 3726 1453 3798 ἐστι
1500 3728 1574 3797 δὲ
1617 3729 1891 3813 ταχέος
1920 3726 2249 3818 τέσσαρας
2293 3722 2413 3816 γὰρ
2454 3725 2687 3813 μόνους
2729 3722 2817 3796 οἶ-

709 3835 821 3900 δεν
874 3829 1161 3924 Ὅμηρος
1226 3828 1533 3918 ἀνέμους,
1599 3833 1798 3901 schol.
1844 3834 2020 3918 Lips.
2070 3833 2244 3918 apud
2298 3832 2812 3898 Bachmannum:

709 3931 956 4025 δηλοῖ3
935 3930 975 4029 ἦ
1019 3935 1133 4004 τὸν
1188 3931 1477 4005 λευκὸν3
1451 3931 1497 4028 ἠ
1538 3934 1652 4004 τὸν
1703 3934 1914 4019 ταχύν.
2024 3936 2223 4020 Atqui
2291 3936 2453 4002 Call.
2522 3937 2815 4002 adiunxit

2867 3715 2873 3863 1

849 4079 882 4144 ¹)
1308 4072 1379 4133 ὡς
1415 4073 1587 4128 ὁπότε
1623 4080 1788 4145 νέφεα
1826 4079 2066 4151 Ζέφυρος
2101 4073 2388 4147 στυφελίξῃ
2869 4107 2873 4162 ⁴

1129 4162 1406 4232 ἀργεστᾶο
1442 4157 1651 4215 Νότοιο
1685 4161 1895 4234 βαθείῃ
1933 4159 2162 4215 λαίλαπι
2196 4160 2436 4216 τύπτων.
2871 4169 2872 4174 ’
