2969 4832
633 473 978 556 papaveris
1016 471 1280 553 floribus
1310 473 1686 537 distinctam.
1772 471 2079 538 Probavit
2122 472 2325 557 igitur
2369 470 2775 538 sollemnem

641 573 1176 659 significationem
1223 574 1374 660 λαμ
1392 574 1621 664 afflig,-
1664 575 1746 643 cf.
1803 575 2002 656 Suid„
2048 573 2252 642 schol.
2279 575 2332 639 B
2379 575 2465 639 ad
2506 580 2569 640 Σ
2607 582 2774 650 349,

641 678 753 743 BV
801 679 885 744 ad
929 705 968 745 κ
1014 686 1156 759 360,
1202 678 1414 763 Apoll.
1459 678 1658 763 Soph.
1702 685 1805 760 84,
1856 685 1934 746 18
1980 678 2064 743 al.

852 909 950 976 De
995 903 1139 1002 ἀήρ,
1187 905 1416 1002 αἰθήρ,
1464 901 1748 999 οὐρανός,
1775 899 2123 993 ’Όλυμπος
2166 909 2521 975 vocabulis,

809 1056 1116 1123 Fortasse
1161 1077 1291 1122 non
1336 1055 1568 1122 inutile
1615 1058 1739 1122 erit
1780 1055 2133 1140 inquirere,
2181 1058 2340 1142 quid
2372 1056 2531 1122 Call.
2566 1057 2773 1141 cogi-

638 1160 878 1225 taverit
923 1160 1004 1226 de
1046 1160 1127 1225 iis
1171 1158 1405 1239 verbiS,
1453 1179 1624 1244 quae
1656 1163 1872 1225 aerem
1917 1167 1983 1226 et
2013 1160 2269 1226 caelum
2313 1159 2779 1244 significarent

639 1262 815 1346 apud
860 1262 1238 1346 Homerum,
1287 1263 1432 1329 dico
1478 1257 1623 1355 ἀήρ,
1671 1257 1897 1353 αἰθήρ,
1947 1255 2234 1351 οὐρανός,
2259 1262 2515 1347 Δ(Ῑιιίὶηιει
2558 1285 2773 1330 voca-

637 1363 810 1430 bulis
841 1365 1214 1432 addendum
1247 1357 1708 1451 est'mvnnog
1736 1365 2143 1433 vocabulum.
2221 1369 2439 1450 Atque
2470 1373 2769 1450 constat,

635 1475 711 1535 ut
753 1473 1007 1535 taceam
1055 1469 1138 1535 de
1182 1471 1482 1554 Leogora
1528 1470 1957 1554 Syracusano,
2017 1470 2130 1554 qui
2193 1469 2443 1553 primus
2509 1470 2769 1537 vidisse

638 1570 881 1636 dicitur
928 1563 1274 1658 Ὄλυμπον
1347 1572 1521 1657 apud
1585 1573 1940 1638 Homerum
2018 1572 2184 1638 nihil
2250 1573 2377 1638 nisi
2440 1578 2768 1655 montem,

638 1667 901 1762 οὐρανόν
950 1676 1114 1741 nihil
1161 1675 1289 1741 nisi
1335 1676 1586 1742 caelum
1635 1682 1869 1760 esse,¹)
1935 1674 2396 1741 Aristarchum
2443 1683 2766 1743 accurate

640 1780 1041 1862 observasse,
1073 1779 1253 1864 quod
1283 1779 1636 1845 discrimen
1667 1778 2105 1845 intercederet
2134 1782 2309 1845 inter
2339 1780 2500 1845 haec
2531 1779 2761 1845 verba.

636 1879 949 1948 Conferas
996 1903 1241 1967 quaeso
1287 1883 1368 1948 de
1399 1882 1524 1947 hac
1554 1903 1626 1948 re
1657 1882 1926 1948 Lehrs.
1967 1883 2009 1948 1.
2043 1882 2088 1947 l.
2119 1905 2182 1967 p.
2217 1889 2338 1950 163
2371 1903 2533 1967 sqq.,
2565 1883 2760 1948 cuius

635 1982 837 2050 verba
903 1983 1205 2054 afferam:
1279 1979 1438 2077 Ἀήρ
1502 1994 1710 2050 terrae
1771 1989 2115 2070 promimus
2167 2005 2362 2069 usque
2408 1989 2495 2050 ad
2537 1988 2759 2067 nubeS,

635 2109 796 2172 quae
827 2091 1006 2154 ultra
1044 2091 1158 2153 has
1200 2093 1377 2176 reyio
1419 2098 1510 2154 est
1554 2083 1767 2180 αἰθήρ
1814 2098 1873 2154 et
1917 2083 2227 2178 οὐρανός·
2260 2081 2551 2176 Οὐρανός
2588 2093 2756 2154 enim

637 2193 977 2275 dupliciter
1036 2196 1349 2280 siqnificat
1414 2201 1472 2258 et
1538 2193 1813 2256 solidum
1888 2195 2043 2258 coeli
2111 2196 2574 2277 firmamentum
2646 2191 2758 2279 (τὸ

639 2291 1032 2381 στερέμνιον)
1100 2305 1159 2360 et
1224 2304 1419 2361 totam
1493 2298 1678 2361 istam
1741 2299 2136 2381 superiorem
2197 2301 2520 2382 reqionem
2585 2299 2631 2364 i.
2693 2318 2754 2381 q.

634 2393 865 2490 αἰθήρ.
979 2398 1147 2466 Hinc
1211 2402 1436 2485 quibus
1503 2402 1738 2465 coelum
1794 2405 1981 2485 quasi
2018 2404 2246 2486 finitur
2304 2409 2363 2467 et
2418 2401 2758 2465 clauditur

634 2504 826 2567 nubes
893 2505 1050 2568 coeli
1105 2513 1329 2588 portae
1394 2505 1699 2569 dicuntur
1752 2508 1837 2585 (E
1884 2508 2062 2590 749).
2174 2505 2303 2571 Sed
2355 2506 2432 2569 ab
2486 2526 2585 2587 eo,
2641 2508 2758 2589 qui

627 2615 849 2688 poetae
895 2609 1134 2672 dicitur
1179 2600 1460 2695 οὐρανός,
1532 2608 1820 2673 diversus
1868 2610 2179 2693 Olympus,
2226 2610 2341 2693 qui
2383 2628 2494 2673 nec
2540 2611 2758 2691 ipsum

634 2712 871 2775 coelum
931 2719 1022 2775 est
1072 2732 1181 2776 nec
1235 2712 1337 2796 (ut
1383 2719 1515 2774 tum
1570 2713 1827 2794 quidam
1865 2701 2216 2797 putarunt)
2284 2713 2546 2797 quidam
2598 2713 2761 2775 coeli

636 2814 840 2894 locus,
896 2816 1006 2878 sed
1047 2835 1225 2879 mons
1272 2813 1719 2879 Macedoniae:
1784 2836 1895 2879 nec
1940 2837 2221 2900 unquam
2268 2818 2416 2880 haec
2468 2836 2758 2879 commu-

635 2924 875 2981 tantur.
973 2917 1322 2983 Cacumina
1376 2937 1525 2988 vero
1576 2919 1820 3002 Olympi
1875 2921 2243 3005 coyitantur
2303 2921 2497 2983 nubes
2550 2939 2755 2983 eoece-

636 3021 813 3084 dere:
876 3022 1023 3085 inde
1078 3028 1170 3085 est
1222 3023 1391 3104 quod
1461 3023 1759 3107 Olympus
1824 3023 1951 3086 dici
2007 3025 2207 3105 possit
2261 3026 2327 3086 in
2382 3022 2546 3087 coelo
2605 3042 2754 3086 esse.

635 3123 1016 3207 Sequuntur
1059 3124 1455 3190 testimonia.
1467 3128 1519 3207 2)

803 3225 944 3291 Iam
990 3247 1144 3293 vero
1198 3227 1554 3307 videamus,
1622 3225 1783 3310 quid
1841 3225 1999 3293 Call.
2045 3227 2147 3293 his
2191 3227 2406 3293 verbis
2452 3227 2754 3296 voluerit.

634 3331 850 3413 Atque
894 3321 1043 3420 ἀήρ
1087 3330 1352 3414 quidem
1400 3336 1504 3396 ter
1541 3335 1851 3413 usurpat:
1894 3329 1978 3395 H.
2026 3338 2063 3398 5

964 3426 1000 3499 ὁ
1047 3430 1122 3498 δὲ
1165 3430 1385 3512 κύκνος
1429 3430 1498 3499 έν
1542 3424 1686 3523 ἠέρι
1730 3428 1926 3500 καλὸν
1969 3426 2197 3516 ἀείδει,

635 3535 745 3605 IV.
785 3543 906 3605 176
2195 3531 2208 3536 ’

805 3636 1108 3728 τείρεσιν,
1153 3632 1347 3729 ἡνίκα
1387 3640 1669 3707 πλεῖστα
1713 3634 1855 3706 κατ’
1901 3632 2068 3731 ἠέρα
2108 3636 2569 3723 βουκολέονται

631 4018 750 4077 XX
773 3937 838 4076 1)1
840 3935 921 4077 gf
977 3935 1130 3993 Suet.
1184 3935 1349 3994 Reiff.
1413 3954 1468 4009 p.
1518 3938 1645 4007 139,
1691 3939 1758 3994 13
1816 3942 1873 3994 et
1923 3937 2205 3994 Usenerus
2256 3937 2317 3992 in
2369 3937 2515 3993 Mus.
2570 3936 2749 3993 Rhen.

773 4111 814 4175 Ἰ)
850 4109 919 4167 cf.
955 4108 1123 4164 etiam
1148 4108 1441 4181 Mayhoffii
1476 4109 1912 4182 disputationem
1947 4108 2018 4166 de
2054 4110 2158 4166 hac
2193 4126 2251 4165 re
2286 4109 2324 4165 1.
2359 4110 2395 4166 1.
2431 4126 2487 4181 p.
2520 4110 2592 4165 70
2625 4126 2747 4181 sqq.
