2969 4832
1503 346 1972 407 —110-

680 517 1077 597 praeceptor
1140 511 1695 594 humanissimu83
1765 512 2185 579 scribendum
2243 514 2416 578 enim
2485 517 2586 578 est
2655 507 2802 579 ὅττι

684 639 753 681 κε
798 613 1004 705 νεύσῃ.
1053 616 1134 681 cf.
1168 615 1277 699 qui
1308 614 1666 679 Homerum
1714 615 1857 699 ipse
1908 635 2173 699 quoque
2217 617 2534 695 imitatur,
2575 616 2803 700 Eurip.

683 719 819 788 Alo.
866 727 991 788 978
2352 708 2356 712 ⁴

1274 820 1385 887 καὶ
1428 819 1553 909 γὰρ
1598 819 1763 901 Ζεὺς
1807 816 1844 887 ὅ
1870 846 1935 888 τι
1978 820 2184 913 νεύσῃ,

1279 922 1392 991 σὺν
1438 923 1549 990 σοὶ
1592 928 1785 991 τοῦτο
1830 926 2115 1013 τελευτᾷ.

687 1028 829 1106 Quo
873 1033 1091 1094 autem
1137 1029 1331 1093 modo
1379 1032 1529 1092 orta
1573 1028 1660 1092 sit
1703 1029 2096 1111 corruptela,
2142 1028 2452 1097 facillime
2483 1050 2631 1095 mea
2660 1031 2805 1114 qui-

686 1130 833 1197 dem
866 1132 1194 1198 sententia
1227 1130 1624 1215 explicatum
1672 1130 1992 1215 scriptum
2024 1132 2197 1198 enim
2230 1137 2374 1198 erat
2405 1133 2662 1198 omissis
2693 1133 2803 1197 lit-

684 1278 845 1343 teris
884 1283 1057 1358 TTI,
1088 1298 1257 1361 quae
1289 1298 1328 1342 a
1358 1283 1474 1343 ΠΙ
1498 1277 1605 1342 vix
1635 1278 1919 1344 discerni
1964 1282 2260 1361 possunt,
2294 1242 2805 1444 ΟᾶΊῧΕῩΟΗῙὲ

687 1429 825 1488 tum
879 1424 1049 1490 male
1105 1450 1190 1490 πι
1248 1429 1401 1508 post
1444 1447 1515 1489 κε
1569 1424 1890 1489 insertum
1946 1429 2074 1504 est,
2143 1444 2273 1507 quo
2330 1424 2505 1490 facto
2553 1421 2588 1492 ὁ
2633 1427 2700 1491 in
2748 1413 2803 1514 ᾦ

687 1528 931 1592 mutari
975 1548 1242 1593 necesse
1288 1532 1449 1593 erat.
1497 1566 1579 1576 —
1621 1528 1804 1592 Haec
1845 1525 2134 1592 Kaibelii
2192 1527 2562 1594 emendatio
2620 1534 2805 1594 certa

686 1630 845 1695 mihi
909 1650 1050 1696 esse
1105 1631 1416 1696 videtur«
1490 1629 2024 1696 Wilamowitzius
2096 1629 2400 1696 distinxit
2455 1617 2509 1718 ᾧ
2564 1624 2620 1696 κ’
2683 1626 2803 1697 ἔπι

687 1733 897 1823 νεύσῃ,
945 1732 1063 1799 sed
1109 1733 1413 1800 desidero
1460 1733 1655 1798 huius
1701 1733 2006 1799 dictionis
2053 1734 2369 1818 exempla.

1556 1928 1776 2013 Frgm.
1822 1936 1926 1997 43.

915 2043 1097 2116 Ai'st’
1145 2041 1375 2137 ὄφελες
1418 2047 1687 2116 θανέειν
1733 2042 1774 2140 ἢ
1817 2045 2097 2114 ὕστατον
2144 2040 2584 2140 ὀρχήσασθαι.

857 2152 962 2218 Ita
1006 2152 1344 2218 Bentleius
1401 2152 1770 2218 emendavit
1823 2174 1902 2218 ex
1949 2155 2183 2218 θανεῖν
2238 2158 2306 2218 et
2360 2151 2795 2234 πανύστατον,

689 2275 855 2341 quae
902 2260 1055 2320 sunt
1098 2256 1167 2320 in
1211 2254 1404 2321 libris
1448 2254 1714 2321 Suidae.
1803 2254 2238 2321 Schneiderus
2292 2261 2515 2321 autem
2561 2256 2804 2322 Naekii

688 2360 1133 2427 coniecturam
1164 2355 1490 2443 πάννυχον
1520 2358 1906 2444 (secundum
1938 2358 2079 2425 cod.
2106 2358 2154 2425 C
2187 2355 2500 2444 πάνυχον)
2530 2361 2805 2446 recepit,

688 2485 836 2531 cum
891 2460 1154 2531 θανέειν
1208 2468 1276 2530 et
1337 2458 1618 2529 ύστατον
1683 2456 2033 2552 ὀρχεῖσθαι
2099 2463 2271 2530 idem
2338 2464 2535 2549 plane
2599 2465 2805 2549 signi-

688 2567 946 2649 ficaret3
991 2566 1108 2632 sed
1151 2567 1315 2632 haec
1360 2572 1521 2650 puto
1565 2567 1748 2631 nulla
1793 2568 1852 2633 ei
1884 2588 2085 2633 causa
2129 2567 2380 2647 fuisset,
2429 2567 2484 2632 si
2527 2567 2807 2635 vidisset

689 2692 836 2736 cum
882 2670 1117 2736 Aulino
1149 2693 1211 2755 p.
1243 2678 1326 2740 24
1372 2670 1546 2736 hunc
1591 2691 1847 2735 versum
1894 2670 1979 2736 ad
2023 2671 2461 2738 imitationem
2507 2670 2805 2736 effictum

688 2794 831 2840 esse
876 2796 933 2841 v,
975 2798 1007 2839 ε
1055 2782 1177 2842 308

801 2872 892 2957 ὦς
935 2871 1017 2968 δὴ
1064 2874 1188 2964 ἐγώ
1231 2869 1286 2963 y'
1333 2869 1572 2964 ὄφελον
1614 2872 1875 2943 θανέειν
1920 2875 2030 2942 καὶ
2079 2875 2339 2962 πότμον
2385 2876 2730 2943 ἐπισπεῖν.

862 3291 989 3357 Sed
1033 3291 1192 3357 haec
1221 3290 1559 3357 hactenus.
1623 3292 1880 3372 Restat,
1906 3296 1980 3355 ut
2012 3290 2258 3376 gratias
2291 3311 2482 3373 agam
2514 3289 2805 3375 Georgio

689 3393 1006 3478 Kaibelio,
1051 3396 1182 3479 qui,
1238 3400 1314 3460 ut
1370 3416 1472 3460 me
1519 3393 1607 3460 ad
1662 3394 1831 3460 hanc
1876 3394 2330 3479 quaestionem
2383 3394 2808 3460 tractandam

693 3497 1086 3564 adhortatus
1141 3503 1268 3578 est,
1335 3498 1433 3564 ita
1488 3497 2001 3582 disputationem
2070 3497 2468 3563 scribentem
2523 3498 2806 3581 consilio

688 3600 853 3665 iuvit
897 3606 963 3666 et
1007 3600 1378 3668 sublevavit.
