2969 4832
1034 393 1457 452 -55.....

969 554 1019 625 I.
1067 564 1171 625 34.
1215 552 1527 640 κευθμός.

368 676 550 768 Νὲὄῃ
598 678 674 745 δέ
718 700 791 745 σε
837 677 1002 744 δῶκε
1045 673 1362 761 κομίσσαι
1410 674 1730 761 Κευθμόν
1772 673 1904 743 ἔσω
1952 680 2306 766 Κρηταῖον.

188 782 498 848 Formam
531 778 827 865 κευθμόν
857 802 976 864 pro
1001 783 1350 864 κευθμῶνα
1384 780 1545 846 Call.
1576 779 1777 847 habet
1810 801 1890 846 ex
1920 782 2108 846 Hom.
2137 788 2207 847 N
2224 788 2305 848 28

987 874 1226 949 ὅταλλε
1271 880 1345 949 δὲ
1388 876 1563 974 κήτε’
1611 876 1726 950 ὑπ’
1775 876 1975 951 αὐτοῦ

841 984 1184 1053 πάντοθεν
1229 983 1670 1071 ἒκ“κευθμῶν.
1749 1002 1754 1007 ’
2126 1060 2132 1069 ,

188 1092 275 1156 Et
332 1091 445 1156 hic
505 1091 769 1174 quidem
825 1091 1010 1157 locus
1080 1089 1312 1155 unicus
1381 1094 1508 1169 est,
1580 1089 1875 1176 Odyssea
1941 1089 2040 1156 bis
2108 1087 2310 1153 habet

187 1197 601 1278 κευθμῶνας.
677 1198 913 1273 κεῦθος
944 1198 1163 1258 autem
1209 1213 1338 1258 non
1382 1196 1603 1276 potuit
1646 1215 1893 1278 ponere
1925 1192 2109 1273 Gall„
2155 1212 2305 1255 nam

189 1301 413 1362 exstat
488 1296 697 1362 solum
776 1297 1035 1381 plurale
1100 1293 1344 1362 κεύθεα
1417 1292 1606 1384 γαίης
1678 1295 1853 1380 apud
1929 1296 2305 1365 Homerum.

186 1400 430 1484 Itaque
478 1399 808 1484 significat
851 1405 1051 1484 poeta
1080 1396 1372 1483 κευθμός
1401 1399 1490 1464 ad
1519 1399 1807 1465 latebras
1840 1397 2306 1483 significandas

189 1502 295 1568 vel
348 1509 544 1568 antra
612 1508 680 1568 et
746 1503 1274 1588 antiquissimum
1344 1507 1412 1568 et
1478 1502 2068 1568 luculentissimum
2119 1522 2307 1567 voca-

191 1605 424 1672 bulum
471 1626 634 1674 esse.
727 1605 1094 1672 Scholiasta
1154 1604 1356 1671 habet
1402 1602 1734 1696 σπήλαιον
1788 1607 1871 1671 ad
1929 1604 2308 1673 Callimachi

181 1730 483 1790 versum3
554 1708 731 1793 apud
775 1708 1170 1794 Hesychium
1238 1714 1457 1774 autem
1523 1705 2137 1797 ἐτυμολογικιότερον
2197 1729 2304 1773 ex-

183 1813 476 1897 plicatur
527 1810 911 1894 κατάδυσις,
981 1808 1266 1903 πυθμήν
1330 1812 1460 1877 κτλ.
1529 1812 1761 1879 Zonar.
1813 1820 1977 1879 1187
2052 1809 2305 1891 σκότος,

183 1913 432 2003 κρύψις
459 1938 473 1952 ·
499 1913 570 1982 ἐκ
612 1919 729 1983 τοῦ
768 1914 989 1982 κεύθω
1015 1913 1096 1983 τὸ
1140 1913 1407 2005 κρύπτω
1459 1915 1595 1980 κτλ.
1645 1919 1712 1980 et
1756 1915 1850 1980 sic
1895 1915 2102 1981 voluit
2148 1914 2305 1982 Call.

184 2020 294 2102 „in
341 2019 601 2085 occulto
649 2017 897 2087 antro“.

365 2124 465 2188 De
511 2121 922 2188 derivatione
977 2127 1197 2187 autem
1256 2122 1451 2187 huius
1506 2121 1756 2187 formae
1802 2124 2111 2206 κευθμῶν
2155 2142 2306 2187 oon-

185 2228 583 2295 troversiam
614 2225 820 2291 fuisse
866 2227 1039 2292 inter
1070 2226 1244 2291 viros
1289 2225 1521 2291 doctos
1565 2230 1854 2290 testatur
1883 2226 2074 2291 nobis
2106 2224 2304 2293 schol.

186 2331 432 2398 Townl.
479 2351 539 2399 a.
585 2329 647 2398 h.
694 2351 747 2394 v.
790 2321 868 2395 τό
913 2327 993 2411 δὲ,
1031 2332 1334 2413 κευθμῶν
1360 2350 1373 2365 ·
1410 2323 1474 2396 οἱ
1518 2325 1640 2412 μὲν
1682 2326 2049 2420 συγκοπήν,
2119 2323 2182 2395 οὶ
2230 2326 2305 2394 δὲ

188 2430 295 2503 ὅτι
340 2432 638 2519 κευθμός
667 2429 758 2513 ὥς
801 2430 1076 2517 τεθμός,
1121 2426 1362 2515 Ἰακῶς,
1410 2427 1499 2513 ὥς
1542 2430 1947 2518 βαθύλειμος
1989 2429 2306 2518 βαθυλεί-

188 2563 342 2623 μαν.
456 2536 766 2604 Nonnulli
832 2537 1038 2621 igitur
1112 2538 1556 2621 grammatici·
1605 2536 1956 2621 putabant,
2030 2536 2304 2603 formam

184 2644 499 2725 κευθμῶν
554 2645 762 2705 ortam
818 2659 959 2705 esse
1015 2661 1304 2725 syncopa
1350 2663 1386 2707 e
1431 2641 1642 2706 forma
1697 2638 2120 2724 κευθμώνων,
2189 2639 2307 2705 alii

183 2766 425 2810 nomen
471 2740 805 2827 ,,κευθμός
848 2746 1182 2827 κευθμοῦ“
1227 2749 1617 2809 statuerunt.
1703 2743 1842 2809 Iam
1874 2743 2128 2812 Gallim.
2162 2764 2304 2809 eam

183 2848 467 2915 formam
515 2844 856 2932 (κευθμόν)
913 2853 1210 2930 usurpat,
1278 2868 1412 2932 qua
1464 2852 1786 2931 appareat
1844 2868 1986 2913 sese
2043 2868 2303 2932 quoque

184 2951 659 3018 nominativum
706 2947 1089 3035 ,,κευθμός“
1135 2971 1491 3034 agnoscere
1523 2971 1731 3033 eaque
1764 2972 1844 3017 ex
1888 2950 2099 3016 forma
2132 2950 2302 3016 deri-

185 3075 343 3120 vare
389 3058 703 3137 κευθμιῦν
746 3054 1119 3137 genetivum
1165 3053 1462 3138 pluralia
1525 3054 1750 3139 itaque
1803 3056 2110 3138 κευθμῶν
2166 3054 2302 3120 Ho-

182 3159 505 3225 mericum
567 3177 856 3241 syncopa
914 3162 1130 3222 ortum
1185 3177 1327 3223 esse
1387 3162 1603 3241 negat.
1691 3163 1904 3242 Atque
1948 3158 2115 3224 hanc
2161 3179 2304 3224 sen-

190 3262 475 3329 tentiam
521 3281 650 3327 non
696 3260 891 3325 unius
937 3259 1318 3327 Callimachi
1372 3260 1576 3327 fuisse
1624 3260 1933 3327 discimus
1980 3262 2181 3328 etiam
2224 3284 2305 3327 ex

189 3364 548 3431 Eustathio
595 3385 651 3429 a.
682 3364 742 3428 h.
773 3386 829 3429 v,
870 3366 984 3448 qui
1024 3364 1211 3428 dicit:
1256 3362 1335 3432 τὸ
1381 3363 1455 3430 δὲ
1499 3367 1810 3450 κευθμῶν
1855 3358 1996 3431 ἀπὸ
2040 3356 2305 3444 εὐθείας

182 3467 327 3538 ἐστὶ
371 3471 493 3558 τῆς
538 3462 574 3536 ὁ
619 3465 908 3552 κευθμός
952 3462 1044 3548 ὥς
1087 3464 1353 3555 δρυμός,
1405 3466 1741 3553 σταθμός,
1798 3465 2071 3554 βαθμός
2104 3489 2119 3504 ·
2153 3460 2304 3547 τοὺς

186 3571 262 3639 δὲ
305 3568 624 3651 εἰπόντας
668 3564 826 3638 αὐτὸ
876 3569 1326 3659 συγκεκόφθαι
1373 3569 1446 3637 ἐκ
1472 3574 1588 3637 τοῦ
1620 3568 2015 3656 κευθμώνων
2044 3561 2111 3636 εὗ
2142 3594 2303 3637 ποι·-

185 3681 404 3754 οῢντες
470 3667 588 3740 οὖκ
653 3668 1096 3757 ἀποδέχονται
1167 3671 1230 3741 οὶ
1300 3670 1602 3740 παλαιοί.
1722 3674 2025 3741 Ceterum
2092 3673 2303 3739 forma

187 3773 479 3862 κευθμός
524 3778 726 3843 etiam
770 3777 1184 3863 Lycophroni
1229 3776 1515 3863 probata
1560 3784 1676 3859 est,
1725 3779 1838 3862 qui
1870 3776 2034 3843 dicit
2077 3799 2131 3842 v.
2179 3785 2299 3845 317

1371 3875 1412 3971 ἦ
1458 3877 1659 3961 τοκας
1701 3877 1880 3960 κόνις

562 3989 848 4066 χανοῦσα
890 3988 1161 4072 κευθμῷ
1202 3980 1488 4067 χείσεται
1535 3981 1916 4071 διασφάγος.

191 4089 333 4158 Alio
379 4090 526 4154 loco
572 4088 862 4176 κευθμός
904 4088 1232 4157 invenitur
1275 4086 1477 4158 nullo,
