2969 4832
708 461 1044 528 demisisse
1105 481 1224 527 suo
1281 481 1469 527 versu
1524 460 1895 527 reddidisse
1941 481 2060 544 per
2106 459 2561 551 προθέλυμνα.
2653 461 2831 540 Quin

710 571 928 630 autem
977 567 1251 631 extremi
1300 566 1543 632 montis
1606 564 1964 631 colles'vel
2017 566 2476 649 promunturia
2530 586 2573 630 a
2627 571 2831 648 poeta

717 665 956 756 πέτραι
1002 667 1323 756 προχύται
1370 669 1700 734 nominari
1753 668 2031 752 possint,
2099 668 2156 732 is
2200 688 2331 733 non
2387 667 2648 733 dubitet
2710 669 2829 755 qui

710 770 1083 836 consideret
1128 793 1320 856 quam
1381 791 1576 856 saepe
1636 791 1963 854 quamque
2020 771 2218 836 variis
2281 770 2494 838 modis
2550 770 2829 836 verbum

706 872 835 956 χέω
882 879 950 939 et
994 874 1314 940 vocabula
1359 874 1511 939 inde
1545 874 1838 942 derivata
1867 880 2189 958 usurpata
2220 874 2354 940 sint
2383 895 2578 940 sensu
2607 880 2829 940 trans-

703 976 1202 1054 laticio;»unum
1247 975 1450 1043 affero
1499 961 1893 1063 exemplum3
1953 975 2340 1065 προχύματα
2384 977 2559 1062 apud
2606 978 2828 1043 archi-

703 1085 914 1146 tectos
959 1085 1113 1145 sunt
1155 1100 1438 1147 ancones
1484 1081 1586 1146 vel
1635 1081 1893 1166 lapides
1953 1088 2020 1148 et
2073 1081 2293 1147 trabes
2354 1080 2828 1165 prominentes,

706 1182 945 1266 quibus
975 1183 1182 1249 moles
1211 1184 1560 1268 impositae
1590 1185 1904 1249 nitantur.
1962 1184 2045 1251 cf.
2077 1184 2378 1269 Apollod.
2411 1185 2478 1248 in
2512 1184 2827 1252 mathem.

574 1298 581 1305 '
705 1291 858 1351 vett.
907 1309 970 1370 p.
1017 1293 1128 1353 28.
1196 1287 1306 1353 ἵνα
1361 1284 1734 1378 συναγωγὴν
1790 1312 1900 1377 εχῃ
1954 1285 2035 1356 τὸ
2087 1283 2267 1378 ε’ργον
2319 1285 2431 1353 καὶ
2488 1283 2827 1376 πρόχυμα,

703 1389 813 1454 ι’να
877 1386 972 1479 μὴ
1049 1382 1503 1481 άκροβαρῆσαν
1585 1389 1962 1480 περινεύσῃ,
2032 1384 2172 1457 ἀλλ’
2243 1390 2435 1481 ἕδραν
2499 1382 2642 1456 άπὸ
2711 1395 2829 1456 τοῦ

706 1489 882 1556 κάτω
925 1488 1216 1572 πλάτους
1256 1490 1445 1582 λάβῃ.
1470 1499 1521 1575 1)

1504 1681 1611 1749 IV.
1659 1691 1802 1752 311.
1849 1679 2017 1762 ἕδος.

873 1797 966 1867 Οἳ
996 1799 1288 1882 χαλεπὸν
1328 1800 1595 1892 μύκημα
1638 1801 1750 1868 καὶ
1792 1795 2016 1890 ἷίγριον
2061 1794 2170 1867 υἷα
2214 1797 2522 1888 φυγόντες

876 1902 1237 1992 Πασιφάης
1280 1904 1389 1970 καὶ
1433 1898 1776 1992 γναμπτὸν
1823 1906 1972 1986 ἕδος
2017 1904 2281 1972 σκολιοῦ
2323 1901 2750 1993 λαβυρίνθου,
2797 1982 2806 1993 ,

877 2004 1134 2090 πότνια,
1185 2004 1301 2076 σὸν
1343 2007 1501 2098 περὶ
1543 2006 1763 2094 βωμὸν
1807 2006 2208 2096 ἐγειρομένου
2251 2012 2664 2096 κιθαρισμοῦ

873 2108 1126 2177 κύκλιον
1171 2105 1567 2202 ὠρχήσαντο.

860 2209 1089 2291 Ἕδος
1130 2211 1532 2303 λαβυρίνθου
1563 2215 1747 2296 dixit,
1792 2220 1866 2279 ut
1903 2214 2036 2278 iam
2066 2213 2502 2281 Schneiderus
2537 2217 2819 2297 notavit,

703 2316 1063 2383 secundum
1108 2317 1528 2384 Homericum
1581 2311 1849 2405 Ἰθάκης
1892 2316 2039 2394 ἕδος
2081 2342 2115 2383 ν
2158 2325 2313 2397 344,
2390 2316 2614 2409 Θήβης
2672 2317 2825 2398 ἕδος

702 2422 742 2486 λ
786 2428 940 2502 263,
997 2424 1062 2487 A
1107 2429 1259 2502 406,
1325 2421 1388 2487 h.
1434 2423 1503 2487 in
1548 2428 1668 2507 ΑΡ.
1715 2422 1904 2506 Pyth.
1949 2430 2060 2502 47,
2125 2421 2272 2502 ἕδος
2322 2415 2707 2507 Οὐλύμποιο
2755 2425 2824 2488 ,Ω

711 2532 852 2604 144,
895 2524 957 2592 h.
1003 2526 1070 2589 in
1109 2524 1251 2590 Cer.
1286 2532 1429 2606 341,
1478 2526 1538 2596 h.
1577 2535 1672 2608 15,
1719 2534 1777 2594 7.
1867 2525 1996 2592 Sed
2042 2546 2170 2590 non
2216 2526 2412 2610 plane
2457 2528 2824 2611 perspexit,

703 2628 864 2713 quid
910 2634 1084 2696 esset
1129 2626 1279 2708 ἕδος
1340 2629 1518 2714 apud
1564 2630 1938 2695 Homerum.
2031 2628 2154 2694 Hic
2208 2629 2381 2694 enim
2440 2630 2565 2696 hoc
2623 2651 2820 2696 voca·

703 2731 926 2797 bulum
981 2752 1110 2797 non
1176 2740 1455 2816 usurpat
1522 2732 1650 2797 nisi
1719 2730 1801 2797 de
1868 2731 2031 2797 locis
2097 2732 2494 2798 habitatis
2559 2733 2662 2799 vel
2729 2734 2818 2798 ab

705 2835 1077 2902 hominibus
1109 2836 1211 2901 vel
1243 2855 1283 2899 a
1313 2834 1433 2918 dis,
1480 2857 1651 2920 quae
1680 2839 1824 2901 loca
1854 2857 1925 2901 re
1955 2856 2111 2902 vera
2153 2841 2307 2901 sunt
2336 2856 2560 2903 eorum
2607 2836 2820 2917 sedes,

610 2923 619 2932 ⁸
702 2944 778 3003 ut
830 2959 961 3005 non
1016 2960 1204 3005 secus
1249 2945 1452 3023 atque
1509 2938 1804 3028 homines
1849 2939 2434 3023 ipsinominentur
2500 2944 2817 3024 tanquam
2911 2995 2912 3004 ,

703 3042 1025 3123 sedentes,
1058 3043 1229 3109 sicut
1265 3044 1464 3109 etiam
1498 3042 1578 3108 de
1610 3044 1803 3109 terris
1834 3049 1901 3108 et
1932 3041 2194 3126 oppidis
2226 3042 2385 3107 dicit
2415 3039 2814 3109 ναιετάουσι.
2909 3067 2910 3070 ’

704 3145 784 3212 cf.
832 3170 875 3211 α
918 3150 1046 3212 404
1113 3150 1208 3229 (et
1271 3147 1540 3212 Ameisii
1609 3145 1889 3231 append.
1944 3166 2001 3212 a.
2056 3145 2119 3209 h.
2176 3143 2250 3230 l.)
2307 3172 2333 3212 ι
2377 3153 2480 3228 23,
2528 3150 2606 3213 Δ·
2636 3154 2738 3213 45.
2760 3150 2815 3231 ²)
2905 3135 2908 3222 ᾖ

699 3250 879 3315 Haec
940 3248 1426 3332 personificatio
1496 3250 1673 3334 apud
1742 3248 2213 3315 Callimachum
2284 3248 2451 3315 adeo
2520 3250 2811 3329 evanuit,
2899 3241 2904 3366 f

702 3359 779 3416 ut
821 3351 922 3416 vel
968 3351 1048 3416 de
1093 3352 1340 3418 inculto
1399 3358 1467 3419 et
1521 3353 1781 3419 deserto
1837 3352 2211 3436 labyrintho
2268 3351 2581 3417 adhibeat
2640 3352 2813 3417 hanc
2895 3367 2900 3438 ff

702 3475 952 3536 vocem3
1000 3475 1151 3519 nam
1181 3457 1595 3532 Minotaurus
1641 3457 1764 3521 hac
1795 3456 2046 3521 scilicet
2088 3455 2154 3519 in
2200 3477 2271 3521 re
2301 3456 2531 3539 procul
2563 3454 2812 3520 haben-

704 3557 826 3623 dus
872 3564 997 3640 est;
1043 3553 1256 3643 neque
1297 3559 1702 3644 labyrinthus
1734 3559 2057 3626 nominari
2102 3565 2321 3642 potest
2349 3557 2582 3623 Thesei
2628 3555 2814 3639 ἕδοςς

702 3683 855 3728 nam
915 3663 986 3727 in
1051 3665 1175 3729 hoc
1237 3663 1556 3730 vocabulo
1624 3683 1770 3727 mea
1835 3661 2099 3746 quidem
2165 3663 2487 3727 sententia
2553 3681 2814 3745 semper

701 3765 1097 3832 subauditur
1136 3772 1348 3833 status
1393 3766 1653 3850 quietis,
1696 3771 1771 3830 ut
1814 3766 1881 3829 in
1927 3772 2154 3831 nostro
2202 3760 2511 3830 vocabulo
2571 3766 2812 3831 Wohn-

846 4011 887 4077 ¹)
922 4007 991 4063 cf.
1026 4007 1196 4063 schol.
1235 4006 1290 4063 V
1326 4027 1393 4055 ==
1426 4006 1621 4061 Townl
1656 4006 1728 4061 ad
1766 4008 1816 4065 Ξ
1847 4007 1966 4075 154,
2000 4005 2098 4076 qui
2121 4005 2258 4079 -ῥίον
2292 4005 2365 4060 ab
2401 4004 2510 4078 ῥέω
2542 4001 2772 4058 derivat.

850 4099 891 4166 2)
929 4094 998 4148 Id
1024 4094 1172 4166 quod
1196 4093 1336 4150 Call.
1360 4094 1613 4150 imitatus
1648 4093 1869 4165 scripsit
1900 4090 2126 4158 Ἀκταίη
2150 4113 2229 4147 τις
2253 4095 2437 4145 ἔναιεν
2460 4090 2644 4161 (frgm.
2667 4091 2806 4158 348).
