2969 4832
1546 334 1972 399 ...63-

702 502 928 567 niones
997 499 1251 584 profert
1315 501 1530 584 Etym.
1599 501 1813 585 Magn.
1884 509 2028 583 233,
2075 510 2156 570 32
2224 503 2608 588 γλαυκῶπις
2632 521 2649 538 ·
2678 490 2819 591 ἢτοι

702 599 1281 691 γλαυκόφθαλμος,
1349 596 1630 694 καλή-ἢ
1696 597 2009 690 γλαυκοὺς
2074 603 2184 670 καὶ
2252 601 2821 692 καταπληκτικοὺς

699 705 852 786 τοὺς
904 695 1095 786 ὦπας
1149 702 1211 790 (ὅ
1257 704 1402 772 ἐστι
1444 699 1590 786 τοὺς
1641 699 2055 793 ὀφθαλμοὺς)
2099 703 2331 789 &ovea
2367 730 2383 745 ·
2418 701 2459 798 ἢ
2514 700 2663 774 ἀπὸ
2708 711 2821 774 τοῦ

700 801 910 877 δεινὸν
954 806 1291 896 γλαύσσειν
1338 812 1477 888 τοῖς
1522 805 1938 898 ὀφθαλμοῖς,
1993 806 2030 878 ὅ
2076 809 2259 878 ἐστιν
2314 805 2785 877 ἀπαιθύσσειν
2805 831 2819 846 ·

699 907 744 1005 ἢ
785 909 832 978 α’
840 905 933 978 πὸ
976 916 1092 979 τοῦ
1135 908 1380 998 γλαυκὰ
1426 905 1817 994 ὀπίζεσθαι,
1875 912 2213 980 τουτέστιν
2259 911 2711 1001 ἐντρέπεσθαι
2738 905 2816 1003 ’ἢ

698 1011 867 1084 α’πό
927 1021 1057 1081 τοῦ
1125 1011 1639 1082 Γλαυκωπίου
1706 1007 1969 1104 ὅρους,
2035 1006 2073 1082 ὃ
2115 1015 2558 1105 Λυκαβηττὸς
2602 1018 2820 1084 καλεῖ-

696 1143 808 1184 ται
835 1112 915 1210 ·ἢ
957 1116 1142 1206 παρὰ
1186 1114 1265 1185 τὸ
1310 1116 1640 1204 γλαύσσω,
1698 1117 1947 1207 γλαύξω
1976 1141 1991 1156 ·
2017 1117 2091 1202 ἐξ
2138 1107 2213 1187 οὗ
2255 1119 2366 1186 καὶ
2413 1116 2453 1211 ἦ
2498 1120 2709 1207 γλαῦξ
2744 1113 2819 1185 τὸ

693 1214 928 1310 ὄρνεον.
943 1226 992 1303 1)
1097 1221 1237 1286 Iam
1303 1221 1586 1305 legimus
1651 1223 1717 1286 in
1785 1222 1989 1289 schol.
2056 1222 2140 1288 ad
2208 1224 2362 1288 Eur.
2417 1223 2690 1307 Hippol.
2741 1231 2816 1291 33

698 1324 951 1412 πέτραν
975 1322 1049 1390 δὲ
1073 1319 1426 1404 Παλλάδος
1455 1323 1624 1412 φησὶ
1652 1322 1733 1392 τὸ
1765 1323 1835 1390 ἐν
1863 1330 1947 1414 τῇ
1970 1322 2237 1414 Ἀττικῇ
2261 1324 2716 1409 Γλαυκώπιον,
2751 1311 2820 1392 οὗ

699 1422 1123 1510 Καλλίμαχος
1168 1424 1235 1492 ἐν
1277 1420 1510 1516 Ἑκάλῃ
1555 1426 1896 1516 μέμνηται.
2010 1430 2149 1508 Quo
2196 1431 2575 1496 testimonio
2623 1433 2815 1495 nixus

694 1530 978 1597 Naekius
1034 1529 1191 1597 Hec.
1254 1552 1316 1614 p.
1376 1538 1494 1598 201
1556 1552 1812 1596 versum
1865 1553 2255 1618 anonymum
2313 1533 2381 1598 in
2443 1532 2646 1601 schol.
2705 1533 2815 1598 BD

695 1633 781 1700 ad
836 1634 1025 1698 Hom.
1073 1635 1133 1698 E
1171 1640 1297 1701 422
1343 1661 1429 1691 =
1472 1633 1579 1701 Et.
1626 1636 1846 1719 Magn.
1895 1643 2039 1716 546,
2087 1642 2161 1702 17
2217 1642 2545 1701 servatum
2603 1636 2813 1702 vindi-

694 1738 937 1804 dicavit
975 1735 1408 1814 Callimach03
1473 1742 1575 1803 est
1619 1742 1839 1804 autem
1886 1739 2059 1824 apud
2107 1738 2576 1805 Schneiderum
2624 1738 2813 1823 frgm.

692 1861 883 1908 anon.
929 1847 1071 1908 332.
1158 1838 1303 1904 Ηοο
1349 1839 1521 1905 enim
1564 1840 1632 1905 in
1677 1841 1928 1908 scholio
1971 1842 2136 1908 haec
2180 1847 2472 1908 exstant:
2528 1836 2570 1932 ἦ
2616 1841 2813 1928 γλαυ-

692 1948 912 2023 κῶπις
954 1937 1070 2008 οὐκ
1113 1935 1259 2008 ἀπὸ
1301 1947 1417 2009 τοῦ
1459 1937 1549 2034 ,,ἣ’
1577 1939 1641 2039 τ’
1674 1935 1872 2034 ἶὶκρης
1913 1938 2063 2012 τινὰ
2097 1951 2154 2010 Γ
2150 1940 2595 2026 λαυκώπιονθ)
2642 1944 2813 2026 ἳ’ζει“

693 2039 962 2133 (finem
1003 2048 1168 2112 θῖνα
1222 2042 1644 2131 γλαυκώπιον
1686 2047 1861 2128 &gest
1913 2050 2024 2131 D),
2082 2043 2235 2113 ἄλλ’
2283 2039 2431 2114 οἷπό
2485 2051 2604 2137 τῆς
2658 2046 2810 2134 περὶ

690 2143 809 2240 τὴν
855 2148 1190 2234 πρόσοψιν
1234 2152 1368 2215 τῶν
1416 2144 1793 2236 ὀφθαλμῶν
1837 2148 2326 2241 καταπλήξεως.
2409 2150 2547 2214 Iam
2584 2151 2641 2215 si
2671 2171 2808 2215 ver·

693 2274 822 2332 sue,
869 2272 1133 2335 quoquo
1180 2252 1373 2317 modo
1405 2252 1788 2318 scribendus
1821 2258 1939 2336 est,
1985 2277 2056 2320 re
2087 2275 2241 2319 vera
2274 2252 2658 2321 Callimachi
2692 2257 2808 2331 est,

690 2357 799 2422 hic
842 2356 1044 2440 igitur
1090 2355 1314 2422 docuit
1358 2376 1715 2440 cognomen
1762 2357 2139 2443 γλαυκῶπις
2186 2356 2620 2424 derivandum
2670 2376 2807 2422 esse

691 2481 732 2525 a
776 2459 1139 2543 Glaucopio
1194 2465 1416 2526 monte
1472 2461 1989 2545 Callimachique
2044 2461 2412 2546 opinionem
2461 2480 2804 2526 conserva-

689 2569 924 2629 verunt
969 2564 1341 2648 etymologi.

860 2683 1048 2750 Nunc
1094 2687 1315 2750 autem
1360 2684 1582 2749 causis
1629 2705 1670 2749 a
1715 2683 1971 2750 Naekio
2020 2683 2265 2762 allati3‚
2322 2684 2559 2767 quibus
2615 2681 2807 2750 Calli·

688 2788 994 2852 machum
1044 2787 1240 2852 huius
1287 2809 1428 2853 esse
1476 2808 1702 2853 versus
1756 2792 2089 2853 auctorem
2147 2787 2581 2866 demonstret,
2642 2804 2804 2850 nova

690 2889 851 2956 addi
897 2894 1135 2974 potest,
1182 2890 1327 2956 dico
1375 2890 1743 2974 analogiam
1792 2889 2142 2974 veriloquii
2182 2910 2312 2973 quo
2345 2888 2631 2975 explicat
2659 2882 2803 2975 Ἑρ-

686 2990 878 3078 μείαν
922 2989 1253 3081 οἶκάκητας
1325 3014 1476 3060 nam
1530 2993 1677 3060 vide
1723 3014 1919 3077 quam
1964 2992 2129 3059 bene
2174 2997 2412 3058 coeant
2468 2992 2663 3057 haec:
2732 2995 2802 3054 ut

688 3097 1051 3162 Mercurius
1120 3097 1501 3163 nominatur
1566 3093 1862 3185 ἀκάκητα
1919 3118 1960 3162 a
2028 3102 2250 3161 monte
2318 3097 2641 3175 Acaceto,
2709 3094 2802 3158 ita

687 3200 978 3266 Minerva
1021 3201 1398 3286 γλαυκῶπις
1440 3222 1481 3265 a
1525 3206 1744 3266 monte
1790 3200 2168 3284 Glaucopio.

854 3320 993 3386 Iam
1041 3322 1428 3401 consideres»,
1477 3322 1534 3386 si
1580 3321 1816 3405 placet,
1863 3321 2079 3386 locum
2111 3320 2453 3386 Strabonis
2486 3339 2568 3382 ex
2599 3316 2794 3403 Apol·

685 3424 917 3489 lodoro
963 3423 1289 3504 haustum,
1336 3424 1417 3492 de
1464 3446 1596 3509 quo
1641 3425 1770 3490 iam
1804 3423 2092 3491 Naekius
2137 3423 2292 3489 Hec.
2336 3444 2397 3506 p.
2435 3429 2555 3490 197
2602 3422 2796 3486 verba

684 3526 870 3609 fecit,
939 3533 1043 3594 est
1086 3532 1306 3594 autem
1350 3529 1417 3593 in
1465 3529 1505 3594 1.
1550 3529 1702 3610 VII,
1752 3551 1816 3614 p.
1874 3535 1999 3597 299
2047 3523 2550 3612 Ἀπολλόδωρος
2594 3522 2663 3590 ἐν
2705 3526 2792 3610 τῷ

825 3821 866 3886 ¹)
902 3819 969 3874 cf.
1014 3818 1108 3875 Et.
1156 3818 1303 3875 Gud.
1352 3820 1471 3886 126,
1508 3820 1545 3876 5
1586 3819 1916 3891 γλαυκῶπις,
1966 3818 2078 3871 ἀπὸ
2112 3821 2216 3871 τοῦ
2248 3815 2604 3889 γλαυκωπίου
2640 3816 2790 3887 ὄρους

682 3909 777 3971 τῆς,
816 3904 1093 3972 Ἀττικῆς,
1140 3904 1170 3958 ὃ
1208 3906 1572 3972 Λυκαβηττὸς
1620 3904 1722 3975 (sic
1771 3904 2125 3959 scribendum
2168 3919 2269 3974 pro
2314 3908 2575 3974 corrupto
2629 3899 2786 3955 ὅλοκα

682 3990 940 4059 βίτατος)
977 3990 1222 4043 καλεῖται
1259 3991 1369 4044 κτλ.

822 4080 863 4138 2)
900 4078 979 4132 sic
1013 4093 1084 4132 ex
1118 4078 1431 4132 recensione
1468 4076 1758 4132 Dindorfii.
