2969 4832
992 395 1449 456 —107-

164 561 449 646 πληκτο,
517 560 585 624 id
642 560 817 644 quod
882 559 1187 644 probavit
1239 560 1562 625 Bredavio
1622 581 1683 643 p.
1731 567 1831 628 80.
1923 560 2049 625 Sed
2106 559 2270 627 Call.

162 669 325 746 puto
370 663 539 728 hanc
582 663 1039 748 etymologiam
1085 663 1249 728 nihil
1294 680 1580 744 curasse,
1624 662 1821 728 immo
1852 662 1977 729 hoc
2007 662 2271 728 verbum

162 786 245 830 ex
298 765 437 830 solo
482 765 765 831 Homero
811 771 878 831 et
923 768 1220 849 cognovit
1274 770 1341 831 et
1394 767 1864 850 interpretatus
1922 770 2047 845 est,
2105 766 2277 831 sicut

161 870 230 933 in
276 869 334 934 h.
381 871 452 936 V.
503 876 538 934 ’7

337 964 471 1037 οὐδ’
521 967 641 1039 ὅκα
686 965 767 1062 δὴ
814 970 1038 1060 λύθρῳ
1087 969 1565 1057 πεπαλαγμένα
1610 969 1830 1037 πάντα
1873 970 2151 1059 φέροισα

337 1073 563 1158 τεύχεα
604 1079 731 1140 τῶν
775 1068 1020 1141 ἀδίκων
1064 1065 1215 1166 ἦνθ’
1261 1068 1400 1140 ἀπὸ
1450 1072 1773 1162 Γηγενέων

166 1177 517 1243 manifesto
565 1179 838 1244 Homeri
885 1179 1163 1262 vestigia
1207 1178 1477 1262 premit;
1525 1177 1603 1243 cf.
1651 1199 1704 1244 e.
1735 1199 1795 1261 g.
1844 1184 1923 1244 A
1959 1185 2075 1246 169
2107 1202 2194 1233 π
2225 1183 2280 1241 Y

166 1289 291 1349 503
334 1279 559 1369 λύθρῳ
592 1281 667 1347 δὲ
709 1278 1093 1348 παλάσσετο
1133 1285 1349 1369 χεῖρας
1382 1272 1696 1362 ἀάπτους,
1739 1306 1780 1364 χ
1809 1289 1935 1350 402
1960 1309 2044 1338 =
2068 1285 2127 1344 Ζ
2148 1287 2300 1351 268.

163 1385 400 1469 αἵματι
446 1385 557 1450 καὶ
602 1383 828 1472 λύθρῳ
875 1383 1405 1470 πεπαλαγμένον.
1492 1385 1726 1468 Itaque
1758 1406 1839 1450 ne
1885 1385 1955 1449 in
1985 1383 2275 1449 Ernestii

163 1487 428 1571 quidem
494 1487 596 1553 vel
655 1488 1035 1554 Schneideri
1098 1488 1646 1571 interpretatione
1713 1488 2091 1572 acquiesco,
2163 1488 2273 1570 qui

163 1598 431 1656 vertunt
480 1593 748 1676 fulmine
810 1594 1162 1676 foedatum,
1233 1592 1587 1672 turbidum,
1656 1610 2052 1675 quamquam
2108 1588 2273 1654 bene

164 1694 506 1759 Ernestius
574 1696 825 1779 primus
892 1695 1052 1760 vidit
1115 1692 1484 1760 παλάσσειν
1552 1715 1692 1758 cum
1757 1697 1977 1777 effectu
2042 1695 2276 1772 dictum

166 1817 327 1878 esse,
394 1801 546 1881 quia
591 1818 788 1862 sermo
837 1807 993 1863 esset
1037 1801 1110 1864 de
1152 1800 1349 1880 fluvio
1363 1823 1384 1878 ;
1450 1817 1599 1861 nam
1657 1797 1820 1863 haec
1862 1796 2275 1880 metonymia,

165 1920 302 1983 qua
345 1920 628 1984 persona
673 1906 740 1966 et
784 1923 889 1968 res
934 1904 1031 1968 ita
1077 1902 1582 1987 permiscentur,
1648 1906 1739 1981 ut,
1796 1902 1851 1965 si
1906 1921 2119 1965 sermo
2177 1904 2277 1964 est

170 2003 250 2068 de
296 2024 389 2082 re,
436 2006 810 2070 nominetur
854 2026 1154 2089 persona,
1200 2006 1257 2069 si
1301 2025 1515 2070 sermo
1548 2009 1651 2068 est
1697 2004 1775 2069 de
1819 2023 2114 2083 persona,
2162 2022 2275 2066 no-

170 2106 456 2172 minetur
509 2129 644 2188 reS,
710 2109 778 2173 in
837 2107 1092 2174 deliciis
1149 2114 1292 2173 erat
1336 2107 1801 2174 Alexandrinis
1848 2106 2079 2191 poetis.
2169 2105 2277 2170 Sic

168 2209 296 2276 hoc
339 2210 488 2275 loco
535 2209 697 2280 Call.
742 2211 1037 2295 loquitur
1082 2211 1161 2275 de
1210 2211 1331 2276 deo
1379 2212 1628 2296 Asopo,
1695 2211 1779 2276 ad
1827 2230 2021 2293 quem
2067 2207 2275 2272 solum

169 2313 461 2396 quadrat
504 2312 925 2402 βαρύγουνος,
996 2315 1113 2380 sed
1158 2319 1376 2379 tamen
1423 2315 1617 2379 simul
1663 2314 1823 2379 dicit
1868 2331 2107 2396 aquam
2154 2309 2274 2374 flu-

169 2418 360 2483 minis
404 2419 604 2503 Asopi
649 2419 1063 2502 inquinatam
1110 2440 1252 2485 esse
1299 2419 1576 2503 fulgure.
1591 2420 1640 2503 ²)

342 2522 493 2586 Alia
522 2521 716 2586 huius
749 2524 1184 2607 metonymiae
1209 2525 1509 2606 exempla
1542 2543 1577 2587 e
1601 2519 2005 2589 Callimacho
2036 2517 2278 2582 hausta

172 2623 373 2690 haece
419 2629 600 2690 sunt:
648 2647 748 2710 ep.
798 2626 868 2690 V.
918 2635 953 2692 5

256 2722 316 2791 εὶ
360 2726 436 2793 δὲ
480 2726 831 2817 Γαληναίη,
875 2726 1131 2817 λιπαρὴ
1161 2724 1338 2849 θἐός,
1388 2718 1575 2807 οὖλος
1613 2722 1902 2852 ἐρέσσων
1934 2723 2277 2806 (nautilus)

254 2826 471 2896 ποσσί
514 2855 629 2913 νιν,
675 2827 765 2910 ιιίς
807 2825 863 2896 τ’
914 2828 1076 2920 ἐργῳ
1122 2824 1400 2915 τούνομα
1447 2829 1850 2919 συμφέρεται

173 2938 239 2999 et
283 2934 346 2998 h.
392 2935 468 2999 V.
515 2941 597 3001 47

314 3033 602 3125 ’σάμερον
646 3033 717 3103 αὶ
761 3038 970 3103 δῶλαι
1014 3062 1133 3117 τας
1175 3029 1575 3118 κάλπιδας3
1554 3029 1595 3128 ἦ
1663 3062 1696 3117 ς
1747 3033 2137 3112 Φυσάόειαν,

491 3133 532 3231 ἢ
577 3138 646 3219 ἐς
687 3134 1068 3225 Ἀμυμώναν
1113 3137 1324 3208 οἴσετε
1365 3135 1486 3207 τὰν
1532 3144 1796 3207 Δαναῶ.

172 3246 476 3311 Ceterum
533 3250 791 3310 constat
845 3245 1327 3329 elegantissime
1380 3246 1463 3310 de
1533 3244 1655 3309 hac
1708 3266 1780 3310 re
1836 3243 2048 3327 egisse
2103 3241 2273 3305 Hau-

170 3348 386 3431 ptium
433 3369 536 3432 op.
580 3348 664 3414 II.
708 3371 773 3432 p.
825 3356 945 3417 169
993 3371 1136 3434 sqq.

347 3451 478 3518 Sed
520 3458 596 3517 ut
638 3460 935 3519 revertar
978 3455 1063 3519 ad
1117 3452 1490 3520 παλάσσειν
1534 3450 1823 3531 verbum,
1887 3450 2036 3516 dico
2083 3448 2279 3513 etiam

175 3555 300 3622 hoc
343 3556 489 3622 loco
534 3557 603 3622 in
658 3564 896 3641 quarto
953 3557 1192 3643 hymno
1239 3556 1714 3625 Callimachum
1778 3571 2128 3637 usurpasse
2195 3549 2280 3613 ad

177 3660 549 3745 exemplum
595 3663 891 3744 Homeri,
958 3668 1074 3727 aut
1118 3666 1294 3727 certe
1337 3661 1526 3726 illum
1571 3680 1641 3724 se
1686 3658 2041 3723 Homerum
2095 3653 2279 3736 sequi

178 3766 585 3848 opinatum
642 3788 801 3832 esse.
892 3767 960 3832 Si
1018 3767 1185 3833 enim
1244 3786 1518 3850 quaeres
1584 3763 1706 3828 hoc
1772 3761 2040 3827 verbum
2107 3755 2280 3841 apud

322 4029 363 4097 ¹)
400 4027 459 4081 id
496 4026 646 4097 quod
672 4027 809 4081 adeo
833 4026 1046 4100 placuit
1070 4026 1292 4094 Nonno‚
1327 4032 1392 4081 ut
1426 4027 1738 4080 imitaretur
1772 4023 1829 4077 in
1864 4022 2016 4076 hunc
2051 4021 2280 4075 modum

180 4112 430 4181 XLVII,
465 4114 568 4169 532

1449 4185 1514 4238 οὔ
1552 4204 1615 4237 σε
1651 4183 1861 4248 διδάξω

570 4271 830 4327 Ἀσωπὸν
862 4273 1209 4346 βαρύγουνον
1242 4277 1322 4326 ἔτι
1360 4275 1577 4337 ζείοντα
1616 4274 1892 4345 καραυνῷ.
