2969 4832
1535 350 1954 417 ...96-

961 510 1180 608 οῗὶρεος
1224 515 1291 587 ἐν
1333 518 1606 612 βήσσῃς,
1653 516 1787 588 ὑπό
1832 544 1902 587 τε
1944 517 2183 608 τρόμος
2228 516 2458 608 ἔλλαβε
2502 524 2671 609 γυῖα,

957 616 1063 709 ἂψ
1109 617 1166 689 δ’
1213 617 1626 711 ἀνεχώρησεν,
1675 613 1882 711 ὦχρός
1923 622 1997 690 τέ
2039 649 2152 707 μιν
2195 614 2327 689 εἷλε
2371 623 2672 710 παρειάς,

962 713 1053 807 οἷς
1077 777 1092 792 .
1117 779 1132 794 .
1157 776 1171 791 .
1195 719 1355 792 καθ’
1404 721 1631 810 ὅμιλον
1674 723 1785 793 ἔδυ
1835 725 2078 814 Τρώων
2103 777 2117 792 .
2141 778 2155 791 .
2181 778 2195 792 .
2218 721 2648 815 Ἀλέξανδρος.

710 834 925 913 Atque
971 828 1332 895 notandum
1378 834 1477 894 est
1520 828 1738 912 illum,
1793 851 1940 896 cum
1986 828 2257 896 haberet
2301 828 2583 920 παρειήν
2626 830 2818 897 femi-

708 932 932 998 ninum
992 931 1276 1015 generis,
1344 931 1583 1016 legisse
1646 933 1822 1018 apud
1879 933 2238 999 Homerum
2304 930 2614 1019 παρειάς,
2681 956 2819 1000 non

710 1032 976 1121 παρειά,
1023 1034 1196 1118 quod
1227 1034 1643 1101 Aristarchus
1676 1036 2026 1124 scriberet;q
2065 1036 2147 1104 cf.
2178 1034 2379 1102 schol.
2422 1036 2530 1101 BL
2571 1036 2821 1104 Townl.

707 1137 866 1204 Gen.
910 1138 961 1205 Ι.
1007 1158 1065 1205 a.
1097 1137 1160 1205 h.
1191 1136 1233 1203 l.
1302 1132 1734 1226 Ἀρίσταρχος
1778 1131 2142 1226 οῧὸετέρως,
2193 1134 2260 1204 ἔν
2300 1162 2436 1205 τισι
2485 1137 2559 1205 δὲ
2602 1141 2815 1229 θηλυ-

705 1244 847 1320 κῶς.
935 1234 969 1305 ὁ
1030 1239 1105 1305 δὲ
1161 1238 1473 1322 Σιδώνιος
1527 1240 1641 1308 διὰ
1694 1248 1810 1309 τοῦ
1854 1267 1891 1330 η
1938 1240 2051 1308 διὰ
2094 1236 2175 1308 τὸ
2219 1240 2526 1332 παρήϊον.
2613 1235 2692 1308 τὸ
2741 1242 2821 1308 δὲ

707 1341 953 1431 παρειά
1006 1337 1096 1421 ὥς
1150 1336 1230 1409 τὸ
1283 1336 1512 1429 ἀγαθά
1566 1345 1696 1411 κτλ.
1784 1345 2104 1411 Dissentit
2149 1350 2366 1410 autem
2413 1344 2608 1410 schol.
2654 1336 2729 1411 A‘
2759 1367 2819 1411 a.

707 1446 769 1514 h.
817 1445 941 1528 l.‚1)
988 1447 1102 1529 qui
1148 1445 1327 1511 dicat
1381 1447 1550 1534 φασὶ
1605 1445 1825 1531 μέντοι
1875 1439 2296 1535 Ἀρίσταρχον
2350 1447 2461 1513 καὶ
2509 1440 2820 1534 Ἀριστο-

706 1546 913 1637 φάνην
954 1546 1223 1636 γράφειν
1269 1546 1551 1636 παρειάς
1598 1548 1714 1615 σὺν
1757 1553 1850 1637 τῷ
1900 1572 1959 1631 σ,
2023 1548 2260 1641 ἐπειδὴ
2306 1550 2418 1616 καὶ
2478 1549 2822 1638 παρειάων

706 1646 1027 1717 ἁπαλάων
1077 1650 1246 1739 λέγει
1319 1658 1377 1717 Σ
1420 1655 1601 1738 123);
1669 1653 1784 1719 sed
1843 1653 1925 1719 cf.
1970 1653 2148 1720 idem
2192 1652 2394 1720 schol.
2441 1653 2528 1719 ad
2572 1659 2648 1719 X
2688 1660 2817 1722 491

713 1752 1025 1841 παρειαί·
1067 1747 1492 1843 Ἀρίσταρχος
1533 1749 1882 1842 οὐδετέρως
1926 1755 2169 1842 παρειά
2212 1761 2279 1823 et
2315 1756 2616 1822 Eustath.
2666 1764 2819 1839 377,

711 1866 790 1924 38
833 1851 1255 1944 Ἀρίσταρχος
1301 1857 1399 1939 δέ,
1458 1881 1688 1947 φασιν,
1756 1854 1900 1925 ἀντὶ
1952 1865 2089 1940 τοῦ,
2151 1849 2360 1947 ὦχρός
2401 1858 2475 1926 τέ
2525 1886 2639 1944 μιν
2683 1850 2825 1925 εἷλε

709 1953 1006 2046 παρειὰς,
1055 1957 1291 2048 γράφει
1338 1955 1605 2048 παρειὰ,
1651 1955 1995 2050 οὐδετέρως
2038 1962 2147 2028 καὶ
2195 1955 2534 2044 ὀξυτόνως.
2619 1962 2700 2028 cf.
2735 1963 2824 2029 de
2934 1995 2937 1996 ⁷

705 2063 831 2128 hac
878 2065 1258 2146 quaestione
1304 2066 1398 2129 La
1441 2066 1683 2145 Roehe‚
1730 2065 1920 2133 Hom.
1955 2065 2295 2147 Textkrit.,
2340 2088 2402 2149 p.
2452 2073 2593 2147 332,
2640 2066 2824 2131 Lud-

708 2166 892 2246 wich,
937 2167 1131 2232 Arist.
1179 2167 1351 2234 hom.
1401 2168 1741 2248 Textkrit.,
1786 2169 1834 2250 Ι,
1880 2175 2023 2237 481.

877 2269 1090 2334 Huius
1136 2277 1353 2336 autem
1398 2271 1669 2338 Homeri
1724 2272 1852 2337 loci
1898 2272 1953 2337 si
1998 2293 2243 2337 memor
2300 2272 2532 2337 fuisset
2573 2271 2824 2338 Meine-

711 2372 874 2455 kius,
919 2372 1099 2439 haud
1144 2373 1277 2440 scio
1309 2394 1394 2439 an
1424 2368 1913 2464 ὖποόινηθεῖσα
1958 2398 2086 2442 non
2132 2376 2329 2442 fuerit
2372 2373 2825 2460 explicaturus

711 2500 773 2561 p.
825 2484 944 2545 186
991 2498 1150 2563 quae
1197 2479 1310 2542 sub
1356 2480 1582 2543 arbore
1629 2500 1750 2543 sua
1795 2482 2052 2544 choreas
2096 2482 2411 2559 dumorum
2455 2499 2604 2543 nam
2635 2478 2826 2544 vides

715 2580 1192 2646 Callimachum
1248 2582 1373 2646 hoc
1424 2581 1742 2647 vocabulo
1800 2582 2131 2666 eleganter
2178 2582 2469 2648 reddere
2534 2581 2826 2646 voluisse

712 2684 1127 2750 Homericum
1170 2677 1307 2750 ὖπό
1347 2707 1420 2749 τε
1463 2681 1703 2771 τρόμος
1747 2679 1976 2770 ε’λλαβε
2017 2689 2184 2773 γιῖα.

884 2787 1021 2852 Iam
1066 2807 1218 2852 vero
1263 2786 1441 2871 apud
1484 2788 1900 2872 Apollonium
1945 2788 2274 2854 Rhodium
2318 2787 2400 2868 H,
2450 2795 2612 2855 1216
2657 2787 2825 2871 legi-

713 2911 884 2954 mus:
931 2888 1245 2957 πολέεσσι
1292 2884 1349 2956 δ’
1398 2888 1518 2956 ἐπὶ
1557 2887 1747 2973 χλόος
1791 2882 1922 2956 εἷλε
1968 2889 2280 2978 παρειάς,·
2324 2911 2454 2974 quo
2502 2911 2581 2955 ex
2626 2910 2826 2955 versu

711 2992 1000 3058 videmus
1027 2990 1221 3075 χλόον
1253 2992 1515 3076 quidem
1565 2994 1950 3060 vocabulum
1994 2995 2235 3086 partim
2275 2993 2589 3078 probasse
2621 2992 2825 3076 Apol-

714 3095 957 3161 lonium
1008 3095 1437 3174 Callimacho;
1482 3088 1613 3163 εἷλε
1658 3095 1944 3185 παρειάς
1987 3104 2205 3164 autem
2251 3097 2359 3163 hic
2403 3116 2658 3161 servare
2703 3117 2825 3161 no-

710 3198 851 3279 luit,
898 3219 978 3264 ne
1009 3200 1201 3264 nimis
1242 3205 1518 3284 anguste
1562 3220 1631 3266 se
1676 3200 2042 3284 applicaret
2084 3201 2170 3266 ad
2215 3200 2508 3264 divinum
2537 3203 2823 3282 poetam.

716 3302 800 3366 cf.
843 3324 906 3386 p.
955 3309 1035 3369 85
1083 3323 1179 3385 sq.
1257 3302 1461 3368 Simul
1508 3309 1726 3369 autem
1774 3309 2049 3389 apparet
2092 3302 2515 3386 Apollonium
2558 3323 2824 3385 quoque

715 3403 1017 3492 παρειάς,
1064 3426 1192 3471 non
1239 3404 1488 3494 παρειά
1530 3406 1789 3491 legisse.

1359 3594 1470 3660 IV.
1521 3602 1667 3664 215.
1737 3588 1838 3681 ἄρ’
1886 3590 2161 3680 ἔμελλες.

889 3713 1180 3781 Naekius
1224 3715 1305 3780 de
1351 3714 1739 3783 Callimachi
1770 3715 2017 3782 Hecale
2062 3738 2124 3799 p.
2177 3723 2255 3784 32
2303 3735 2399 3797 sq.
2447 3718 2514 3778 et
2555 3712 2824 3780 Schnei-

717 3818 913 3884 derus
968 3819 1025 3899 1,
1068 3840 1130 3902 p.
1178 3826 1299 3886 309
1357 3824 1535 3884 recte
1591 3841 1671 3885 ex
1724 3840 1780 3885 v,
1826 3827 1950 3886 215
2006 3812 2086 3886 σὺ
2131 3810 2189 3885 δ’
2238 3810 2350 3884 οὐκ
2404 3806 2504 3902 ἄρ’
2532 3913 2536 3917 ,
2563 3810 2826 3900 ἔμελλες

715 3913 1013 4001 ἷίπυστος
1057 3917 1201 4011 Δῆν
1245 3916 1463 4005 ἔμεναι
1508 3922 1825 4006 colligunt
1869 3920 2345 3990 Callimachum
2388 3923 2447 3985 E
2486 3925 2629 3998 205,
2679 3928 2823 4001 686,

856 4147 897 4217 ¹)
934 4145 1001 4201 cf.
1038 4145 1206 4200 etiam
1241 4144 1410 4200 schol.
1447 4144 1657 4200 Genav.
1694 4143 1740 4198 Ι.
