2969 4832
1022 379 1447 441 ..57-

354 543 478 621 Qui
524 547 745 609 autem
791 548 942 610 ante
966 544 1525 610 Wilamowitzium
1559 543 2022 610 Callimachum
2070 544 2286 610 edide-

168 654 352 727 runt,
397 650 716 731 putarunt
758 648 826 712 in
870 646 933 715 h.
978 646 1094 712 ΙΙΙ.
1143 654 1218 714 61
1271 647 1549 714 similem
1598 668 1746 712 eum
1793 646 2070 714 formam
2112 647 2288 714 illius

171 747 630 840 πεπλήγοντες
699 770 1052 833 usurpasse
1128 751 1369 834 quippe
1444 750 1555 833 qui
1630 750 1949 838 scriberet
2022 746 2288 839 σίδηρον

165 845 543 937 ἆμβολαδὶς
613 849 1028 933 τετύποντεςς
1101 859 1335 920 contra
1402 853 1937 919 Wilamowitzius
2013 858 2098 935 et,
2174 855 2287 938 qui

170 956 556 1039 nuperrime
603 956 985 1023 Callimachi
1030 956 1137 1023 hh.
1182 956 1279 1021 111
1325 961 1390 1021 et
1436 957 1495 1021 V
1540 956 1750 1022 edidit
1810 959 1877 1022 in
1924 957 2175 1021 Rivista
2220 956 2288 1022 di

169 1057 475 1140 filologia
521 1059 658 1140 XX,
714 1082 776 1144 p.
827 1066 948 1127 516
997 1081 1142 1144 sqq.
1192 1067 1388 1139 1892,
1436 1060 1672 1142 Nigra,
1720 1059 1833 1143 qui
1879 1080 1920 1124 a
1963 1081 2118 1143 rege
2162 1060 2288 1124 rei-

168 1160 485 1245 publicae
523 1161 798 1228 Italicae
834 1164 1285 1230 Vindobonam
1331 1167 1431 1228 est
1476 1161 1837 1246 delegatus,
1882 1162 2287 1246 scripserunt

166 1260 583 1344 τετυπόντες.
659 1271 881 1349 Atque
913 1267 1215 1335 codicum
1248 1265 1520 1348 scriptio
1566 1264 1845 1331 fluctuat
1887 1265 2061 1329 inter
2104 1263 2289 1330 τετύ-

171 1390 423 1446 ποντος
469 1368 590 1433 ΑΒ
637 1374 703 1435 et
745 1367 1135 1448 τετυπόντος
1179 1369 1229 1435 C
1262 1374 1329 1435 et
1372 1359 1764 1448 τετυπόντες
1808 1367 1915 1432 EF
1949 1377 2016 1434 et
2056 1390 2130 1433 τε
2171 1391 2286 1433 τυ-

173 1468 419 1549 πάντες
462 1470 587 1551 ΙΜ,
657 1494 790 1555 qua
835 1495 914 1538 ex
965 1494 1038 1538 re
1084 1494 1230 1539 cum
1278 1477 1346 1537 et
1392 1471 1441 1538 C
1489 1475 1557 1536 et
1600 1471 1653 1534 E
1711 1470 1958 1551 habeat,
2007 1490 2288 1555 paroxy-

167 1578 397 1656 tonon,
442 1573 566 1639 hoc
612 1575 815 1641 fuisse
863 1579 1059 1643 etiam
1106 1585 1173 1641 et
1214 1578 1280 1641 in
1319 1574 1641 1658 Aurispae
1674 1573 1882 1658 (apud
1917 1573 2177 1639 Wilam.
2206 1577 2287 1656 A)
2371 1566 2377 1574 ’

173 1681 246 1741 et
288 1677 359 1741 in
411 1677 741 1762 Philelphi
796 1678 1174 1766 apographo
1220 1681 1350 1762 (ap.
1400 1677 1543 1743 Wil.
1590 1677 1670 1760 E)
1716 1675 2002 1742 fortasse
2047 1676 2286 1759 aliquis

171 1781 559 1860 coniecerit,
629 1782 753 1847 nisi
804 1782 930 1848 hac
974 1784 1042 1847 in
1085 1802 1159 1847 re
1206 1782 1468 1847 omnino
1516 1779 1702 1845 libris
1748 1779 1885 1845 fere
1931 1778 2092 1843 nibil
2137 1778 2290 1844 fidei

170 1884 602 1950 tribuendum
647 1892 839 1950 esset.
928 1885 1056 1952 Sed
1101 1883 1466 1969 perfectum
1508 1880 1766 1950 τέτυπα
1813 1880 2282 1959 Callimachum

170 1985 447 2052 finxisse
514 2009 642 2054 non
711 1989 1108 2072 putaverim,
1178 1987 1570 2072 praesertim
1635 2006 1785 2052 cum
1852 1984 2012 2049 haec
2078 1982 2290 2049 forma

171 2089 428 2154 nullum
476 2089 718 2155 habeat
763 2090 1260 2158 fundamentum
1305 2092 1373 2155 in
1419 2090 1703 2156 Homero
1750 2089 2065 2173 positum,
2109 2087 2290 2152 velut

173 2190 485 2282 κεκλήγω,
531 2186 774 2279 ἆνώγω,
820 2191 1166 2285 πεπλήγω.
1232 2193 1464 2277 Itaque
1512 2213 1738 2257 verum
1780 2188 2290 2257 Callimacheum

172 2296 746 2362 Wilamowitzium
776 2297 1175 2381 Nigramque
1207 2294 1500 2362 arbitror
1530 2314 1823 2360 servasse
1868 2289 2288 2375 τετυπόντεςς

169 2399 261 2465 ad
308 2421 574 2468 sensum
620 2406 842 2469 autem
884 2400 1000 2467 ubi
1043 2401 1335 2486 respicis,
1392 2403 1676 2483 utraque
1734 2397 1949 2465 forma
1992 2402 2060 2464 et
2103 2394 2285 2464 τετύ-

172 2526 416 2583 ποντες
460 2510 525 2568 et
567 2504 961 2585 τετυπόντες
1004 2505 1223 2571 locum
1268 2502 1510 2571 habere
1552 2507 1790 2586 potest.

902 2696 1014 2762 IV.
1063 2701 1208 2761 304.
1253 2686 1572 2758 ὖπαείδω.

438 2810 527 2880 Οἳ
562 2813 684 2898 μὲν
726 2810 1119 2882 ὖπαείδουσι
1164 2810 1357 2897 νόμον
1400 2809 1685 2879 Λυκίοιο
1726 2810 2034 2900 γέροντος.

167 2916 251 2983 cf.
295 2917 412 2985 111.
459 2922 582 2985 242
626 2912 948 3009 ὑπήεισαν
993 2916 1067 2983 δὲ
1109 2917 1346 3003 λίγειαι
1377 2913 1772 2981 Λεπταλέον
1814 2914 2124 3003 σύριγγες.
2204 2916 2289 2980 Hi

169 3020 304 3085 duo
353 3019 483 3085 loci
529 3020 730 3086 efficti
775 3028 930 3086 sunt
973 3022 1059 3087 ad
1106 3019 1475 3104 exemplum
1520 3018 1791 3084 Homeri
1833 3024 1893 3084 Σ
1932 3027 2059 3087 570

432 3127 644 3189 τοῖσιν
689 3119 752 3189 δ’
797 3122 873 3210 ἐν
908 3121 1219 3209 μέσσοισι
1264 3119 1430 3201 πάις
1474 3118 1784 3209 φόρμιγγι
1832 3119 2034 3211 λιγείῃ

433 3222 682 3316 ἱμερόεν
726 3226 1059 3315 κιθάριζε,
1105 3222 1277 3292 λίνον
1322 3216 1380 3290 δ’
1429 3216 1561 3290 ὑπὸ
1605 3222 1807 3290 καλὸν
1852 3218 2069 3291 ἄειδεν

436 3329 760 3421 λεπταλέῃ
805 3335 1000 3420 φωνῇ.
2281 3390 2288 3408 ,

169 3436 367 3501 Hunc
414 3434 681 3519 quidem
725 3436 944 3501 locum
990 3431 1463 3500 Callimachum
1511 3430 1819 3497 habuisse
1865 3436 2019 3496 ante
2065 3431 2286 3498 oculos

168 3539 586 3605 demonstrat
628 3538 1021 3622 praesertim
1064 3558 1119 3604 v,
1165 3541 1224 3601 Σ
1248 3542 1368 3604 571
1420 3540 1842 3619 comparatus
1890 3556 2037 3601 cum
2081 3536 2141 3604 h.
2173 3534 2288 3603 111.

168 3650 298 3712 243
349 3645 416 3706 et
458 3640 565 3707 IV.
614 3649 768 3723 3063
815 3641 896 3708 cf.
941 3663 1005 3724 p.
1053 3648 1150 3706 28.
1239 3639 1336 3705 Cf.
1385 3640 1584 3706 etiam
1628 3663 1680 3727 φ
1723 3648 1843 3708 411

349 3744 643 3834 δεξιτερῇ
687 3737 747 3810 δ’
795 3738 927 3831 ἄρα
964 3741 1133 3830 χειρὶ
1177 3739 1392 3828 λαβὼν
1436 3740 1809 3834 πειρήσατο
1853 3744 2075 3830 νευρῆς

349 3841 389 3938 ἡ
438 3840 495 3912 δ’
541 3843 674 3914 ὑπὸ
716 3840 911 3913 καλὸν
954 3840 1153 3926 ἄεισε,
1193 3843 1481 3929 χελιδόνι
1527 3842 1736 3935 εἰκέλη
1781 3838 1999 3937 αὐδήν.

172 3958 239 4018 et
284 3951 351 4021 h.
396 3952 466 4016 in
510 3951 707 4019 Mero.
753 3953 837 4019 54
879 3980 966 4007 =
1009 3957 1165 4019 502·

1445 4047 1484 4142 ἦ
1534 4047 1591 4117 δ’
1641 4045 1775 4119 ὑπὸ
1817 4049 2030 4139 χειρὸς

352 4155 747 4246 σμερδαλέον
789 4155 1106 4243 κονάβησε
1133 4179 1146 4193 ·
1173 4149 1331 4235 θεὸς
1374 4150 1434 4222 δ’
1481 4148 1617 4221 ὑπὸ
1659 4150 1855 4223 καλὸν
1900 4149 2132 4223 ἄειδεν.
