2969 4832
1528 389 1950 448 -70-

691 554 818 618 nisi
874 548 1248 618 αἰτιᾶσθαι.
1362 551 1614 630 Quibus
1668 551 2102 618 consideratis
2158 552 2290 616 iam
2339 551 2614 617 dubium
2662 565 2813 617 esse

693 657 940 740 nequit,
987 655 1144 739 quin
1191 656 1390 720 etiam
1435 654 1520 719 ad
1551 647 1785 735 ἄλλους
1816 649 1873 720 δ’
1908 651 2204 722 αἰτιᾶται
2235 656 2370 721 κτλ.
2404 655 2816 720 subaudien-

691 760 813 825 dus
859 760 948 825 sit
991 757 1449 842 Apollodorus,

861 863 1061 946 Atqui
1104 862 1238 926 iam
1277 861 1566 927 Naekius
1612 864 1984 945 suspicatus
2027 867 2128 927 est
2158 860 2633 945 Apollodorum
2682 862 2819 927 hoc

689 967 756 1030 in
805 965 1146 1031 enuntiato
1202 961 1700 1047 reprehendisse
1747 963 2335 1045 Callimachum,
2406 964 2520 1047 qui
2571 965 2820 1051 γλαυκ-

693 1073 869 1148 ῶπις
923 1067 1251 1133 derivaret
1317 1088 1357 1131 a
1422 1066 1808 1151 Glaucopi0‚
1878 1075 2077 1150 atque
2144 1087 2337 1150 posse
2406 1067 2588 1132 illum
2656 1074 2821 1152 post

691 1172 890 1238 verba
933 1163 1166 1249 ἄλλους
1205 1162 1262 1235 δ’
1311 1164 1607 1236 αἰτιᾶται
1663 1171 1883 1236 redire
1929 1171 2014 1236 ad
2062 1169 2534 1236 Callimachum
2583 1176 2649 1236 et
2700 1190 2822 1236 no-

691 1281 899 1340 tatam
944 1274 1028 1339 ab
1074 1272 1473 1357 Apollodoro
1522 1274 1924 1356 opinionem,
1982 1294 2152 1356 quae
2211 1274 2500 1355 suspicio
2546 1275 2819 1358 egregie

693 1375 1158 1461 comprobatur
1222 1377 1842 1442 commemoratione
1920 1378 2097 1442 vocis
2159 1370 2582 1464 Ἀκακησιόυ;
2656 1399 2818 1443 nam

690 1481 861 1547 hanc
905 1500 1167 1564 quoque
1213 1486 1443 1544 contra
1490 1479 1953 1546 Callimachum
2002 1479 2191 1543 illum
2234 1480 2534 1546 attulisse
2581 1503 2666 1546 ex
2712 1483 2821 1562 iis,

690 1605 860 1668 quae
906 1582 1236 1667 disputavi
1283 1605 1346 1667 p.
1394 1590 1474 1650 66
1523 1604 1639 1665 sq„
1685 1582 2225 1648 verisimillimum
2273 1581 2548 1651 videtur.
2617 1583 2822 1663 Quod

693 1688 749 1752 si
792 1687 888 1751 ita
933 1692 1048 1766 est,
1102 1685 1295 1752 facile
1350 1685 1592 1770 aliquis
1650 1688 1941 1752 coniciat
1987 1687 2182 1751 etiam
2232 1686 2449 1767 verba,
2496 1707 2669 1770 quae
2718 1688 2822 1751 in-

691 1792 925 1856 tersint
967 1797 1134 1856 inter
1179 1782 1574 1878 Ἀκακησίου
1621 1795 1689 1855 et
1735 1787 2192 1871 Hermionici),
2251 1794 2549 1875 spectare
2607 1790 2822 1858 Calli-

691 1894 908 1960 machi
952 1894 1243 1977 aliquam
1288 1893 1683 1959 sententiam
1732 1901 1798 1959 et
1841 1884 2074 1973 ῗίλλους
2104 1915 2183 1958 ex
2215 1914 2434 1959 errore
2467 1893 2824 1960 Strabonis

692 1995 1082 2082 Apollodori
1156 1995 1357 2061 verba
1418 1996 1487 2060 in
1554 2002 1898 2080 angustum
1987 1996 2285 2080 cogentis
2360 2001 2574 2061 ortum
2650 2018 2823 2065 esse.

692 2101 819 2167 Sed
865 2100 1017 2166 nolo
1061 2100 1236 2165 iusto
1282 2098 1601 2164 audacior
1645 2098 1891 2164 haberi.
1925 2136 2006 2147 ——
2053 2098 2267 2163 Unum
2312 2105 2531 2164 autem
2579 2106 2825 2165 contra

697 2204 1015 2269 Naekium
1060 2203 1240 2267 mihi'
1271 2201 1619 2268 dicendum
1669 2208 1789 2269 est.
1896 2201 1960 2266 Is
2008 2202 2180 2266 enim
2227 2202 2324 2267 ait
2366 2202 2410 2270 l.
2455 2202 2494 2270 1.
2541 2225 2607 2286 p.
2657 2211 2823 2273 202:

706 2309 1040 2373 Caeterum
1108 2314 1328 2369 utrum
1397 2311 1457 2369 Γ
1452 2302 1834 2371 λαυκώπιον
1911 2305 2333 2370 Callimachus
2401 2328 2441 2368 a
2514 2307 2826 2370 Minerva

691 2407 1101 2498 γλαυκώπιδι
1135 2411 1389 2487 dictum,
1437 2431 1521 2472 an
1553 2406 1993 2475 Γλαυκώπιδα
2038 2416 2097 2473 et
2140 2411 2345 2491 ipsum
2379 2414 2439 2473 Γ
2432 2407 2825 2477 λαυκώπιον

695 2540 735 2578 a
791 2513 1134 2597 GlaucopO,
1180 2514 1523 2577 crediderit
1568 2534 1640 2576 ac
1687 2515 2050 2592 tradiderit,
2096 2532 2221 2575 non
2267 2513 2548 2576 decerno.
2651 2514 2825 2579 Mihi

692 2622 913 2683 autem
959 2623 1266 2682 neutrum
1318 2635 1546 2680 verum
1602 2636 1743 2681 esse
1798 2616 2076 2695 videtur,
2147 2613 2281 2696 sed,
2339 2620 2417 2679 ut
2468 2615 2600 2679 iam
2657 2617 2825 2696 dixi,

692 2721 945 2789 Gallim.
991 2720 1250 2804 putavit
1293 2719 1650 2784 Minervam
1698 2716 2131 2805 γλαυκώπιδα
2161 2717 2488 2800 appellari
2518 2739 2559 2783 a
2590 2726 2826 2786 monte

693 2823 1057 2907 Glaucopio
1125 2822 1224 2888 illi
1291 2842 1506 2897 sacro;
1574 2822 1697 2887 hoc
1751 2821 1921 2887 enim
1996 2820 2318 2905 probatur
2380 2825 2448 2885 et
2503 2822 2827 2905 analogia

692 2926 1003 2993 Mercurii
1062 2927 1330 2992 Acaceti
1386 2930 1453 2991 et
1509 2926 2023 3010 etymologorum
2077 2923 2471 2988 testimoniis
2519 2931 2587 2990 et
2634 2927 2826 3008 quod

690 3031 759 3095 in
825 3028 1075 3094 scholio
1143 3028 1259 3093 illo
1328 3028 1414 3093 ad
1469 3031 1530 3094 E
1574 3035 1722 3108 422,
1789 3048 1918 3110 quo
1981 3027 2473 3092 demonstratur
2539 3027 2825 3094 deorum

693 3131 986 3199 ἐπίθετα
1033 3125 1146 3198 οὐκ
1190 3124 1333 3199 ἇπό
1376 3135 1512 3197 τῶν
1555 3127 1741 3220 ἱερῶν
1784 3126 2013 3197 τόπων
2056 3123 2509 3215 ώνομασμένα,
2559 3123 2711 3199 ἀπὸ
2748 3132 2826 3198 δὲ

691 3242 823 3303 τῶν
867 3239 1166 3322 ψυχικῶν
1209 3233 1565 3323 ἐνεργειῶν,
1623 3233 1988 3317 exemplum
2043 3234 2376 3299 Minervae
2430 3233 2827 3319 γλαυκώπι-

694 3340 808 3419 δος
862 3339 1285 3421 subsequitur
1343 3338 1652 3405 Mercurii
1714 3338 2005 3404 Acaceti.
2112 3336 2526 3402 Contrariam
2593 3342 2823 3404 autem

695 3443 1095 3508 sententiam
1160 3442 1463 3507 audimus
1522 3440 1607 3506 ab
1662 3440 2013 3506 Eustathio
2078 3439 2404 3523 prolatam
2469 3448 2655 3520 1451,
2718 3450 2824 3508 62.

679 3545 827 3613 Ὅτι
856 3545 931 3613 δὲ
964 3538 1251 3612 ἀπὸτοῦ
1291 3546 1670 3632 γλαυκῶπις
1712 3541 2129 3629 γλαυκώπιον
2173 3537 2212 3632 ἦ
2254 3535 2523 3632 Ἀττικὴ
2573 3541 2825 3632 ἐλέχθη
2936 3608 2937 3611 ,

692 3642 1050 3737 ἀκρόπολις
1106 3640 1149 3740 ἢ
1205 3647 1315 3713 καὶ
1373 3643 1413 3739 ἦ
1469 3644 1730 3727 ίπλῶς,
1799 3647 2098 3734 δηλοῦσιν
2143 3642 2207 3712 οὶ
2254 3642 2561 3713 παλαιοί.
2666 3649 2825 3713 Alia
2936 3636 2937 3665 ¹

691 3753 1068 3819 testimonia
1112 3773 1153 3816 a
1198 3751 1453 3817 Glauco
1500 3752 1601 3817 vel
1647 3751 1988 3834 Glaucopo
2042 3750 2310 3816 verbum
2367 3749 2825 3816 derivantium

695 3855 995 3922 conferas
1039 3855 1218 3939 apud
1262 3854 1469 3919 Naek.
1518 3876 1580 3937 p.
1630 3860 1748 3922 196
1797 3874 1890 3937 sq.
2934 3932 2935 3951 Χ

864 3960 1096 4023 Restat
1139 3962 1215 4023 ut
1258 3957 1460 4023 verba
1503 3957 1741 4022 faciam
1788 3956 1868 4021 de
1914 3952 2055 4035 θίς
2098 3954 2413 4021 vocabulo
2454 3957 2637 4039 apud
2675 3957 2827 4023 Cal·
2934 3954 2935 3985 ¹

691 4061 1044 4128 limachum
1106 4067 1443 4145 usurpato,
1553 4063 1770 4142 Atque
1815 4065 2079 4142 praeter
2124 4058 2296 4124 hunc
2341 4059 2555 4124 locum
2603 4061 2825 4146 (frgm.
2932 4088 2933 4135 3

694 4187 885 4231 anon.
943 4169 1095 4250 332)
1151 4168 1252 4229 ter
1316 4165 1444 4229 hac
1506 4184 1660 4228 voce
1716 4183 1873 4226 usus
1931 4168 2063 4226 est:
2129 4161 2235 4228 IV.
2283 4169 2430 4241 282,
2478 4184 2579 4246 ep.
2634 4165 2714 4233 V.
2763 4174 2822 4244 7,
