2969 4832
1526 368 1949 427 ..94-

686 528 853 597 κατὰ
901 534 1176 616 στερεῶν
1231 531 1341 596 καὶ
1389 527 1479 611 (ὃς
1533 529 1774 619 ἐῤῥέθη
1842 525 2079 597 ἇτενῶν
2146 529 2460 616 σωμάτιον
2520 530 2802 618 λέγεται,

694 628 900 700 ὁποῖα
962 627 1108 699 τινὰ
1177 627 1333 702 ὄντα
1388 635 1500 700 καὶ
1552 632 1635 700 τὰ
1686 639 1796 701 τοῦ
1848 633 2015 714 Διὸς
2078 633 2486 719 βουλεύματα
2540 630 2806 724 ἦἽΙρα

687 734 941 802 ἐνικλᾶν
984 735 1254 822 λέγεται.

1508 926 1586 991 11.
1635 934 1735 995 53.
1781 921 1953 1006 οἴιες.

884 1038 1036 1113 Οὐδ’
1104 1041 1459 1132 ἇγάλακτες
1532 1041 1712 1126 Οἴιες
1776 1039 1911 1112 οὐδ’
1979 1037 2237 1112 ἷὲκυθοι.
2357 1045 2452 1111 De
2521 1047 2803 1112 veritate

688 1151 882 1215 huius
941 1151 1301 1233 scripturae
1359 1150 1649 1215 dubitari
1705 1152 1809 1215 vix
1865 1154 2110 1232 potest,
2169 1170 2367 1232 quam
2429 1170 2576 1214 cum
2631 1155 2702 1214 et
2751 1149 2803 1215 C

687 1260 754 1318 et
800 1254 853 1317 E
898 1252 1207 1333 habeant,
1265 1253 1333 1316 in
1380 1253 1737 1337 archetypo
1793 1252 2125 1318 exstitisse
2179 1252 2496 1317 videatur.
2587 1254 2802 1335 Aper-‚

692 1363 828 1422 tum
876 1363 1097 1421 autem
1144 1360 1245 1421 est
1289 1355 1759 1423 Callimachum
1821 1357 2026 1421 vitare
2073 1356 2355 1421 voluisse
2410 1354 2805 1439 tribrachyn

687 1452 835 1538 ὄϊες.
924 1463 1139 1541 Atque
1204 1459 1331 1524 iam
1398 1459 1682 1543 legimus
1737 1459 1804 1523 in
1863 1458 2063 1524 schol.
2111 1460 2195 1524 ad
2240 1484 2267 1524 ι
2310 1467 2467 1527 425:
2533 1451 2805 1546 ἔρσενες

690 1554 824 1641 ὄϊες
878 1550 1049 1652 ἦσαν
1082 1611 1095 1626 .
1125 1556 1545 1650 Ἀρίσταρχος
1597 1556 1792 1644 οἷ’ϊεςς
1857 1563 2080 1645 itaque
2135 1560 2483 1627 verisimile
2540 1561 2805 1627 videtur

690 1664 1162 1731 Callimachum
1206 1663 1393 1730 illum
1440 1666 1708 1732 Homeri
1765 1666 1980 1731 locum
2036 1672 2389 1748 spectasse,
2444 1685 2590 1729 cum
2637 1665 2806 1729 scri-

686 1766 872 1833 beret
902 1762 1079 1849 οἴιες,
1126 1769 1514 1851 praesertim
1556 1789 1702 1833 cum
1736 1769 1932 1835 etiam
1965 1768 2293 1835 sententia
2325 1773 2497 1833 esset
2542 1764 2803 1848 eadem3

690 1891 840 1935 nam
884 1870 1202 1936 Homerus
1246 1870 1410 1936 dicit
1451 1871 1494 1935 l.
1538 1872 1582 1939 1.

944 1964 1209 2059 ἔρσενες
1250 1966 1386 2054 ὄιες
1429 1964 1602 2066 ἦσαν
1644 1968 1975 2064 εὖτρεφέες
2021 1972 2439 2058 δασύμαλλοι,
2528 2021 2535 2030 -

944 2072 1131 2142 καλοί
1172 2099 1243 2142 τε
1284 2075 1555 2162 μεγάλοι
1597 2102 1685 2161 τε,
1708 2121 1711 2126 f
1732 2074 2031 2167 ἰοδνεφὲς
2074 2071 2246 2165 εἶρος
2290 2073 2553 2160 ἔχοντες.

690 2180 879 2260 Quod
925 2181 981 2245 si
1021 2201 1245 2245 verum
1278 2185 1394 2260 est,
1441 2181 1736 2246 videmus
1782 2182 2168 2266 scripturam
2215 2176 2373 2261 οἷἰες
2417 2203 2547 2247 non
2593 2181 2805 2247 fuisse

692 2284 1137 2350 coniecturam
1194 2284 1657 2370 Aristarchi‚1)
1712 2287 1827 2350 sed
1880 2292 2032 2351 ante
2089 2306 2237 2351 eum
2289 2286 2421 2349 iam
2468 2283 2805 2350 exstitisse

689 2388 758 2452 in
802 2389 1018 2454 nescio
1053 2408 1186 2471 qua
1216 2388 1617 2469 recensione,
1662 2387 1940 2455 fortasse
1970 2388 2361 2474 Zenodoti‚2)
2409 2408 2554 2453 cum
2583 2388 2805 2455 Arist-

692 2490 929 2558 archus
1009 2492 1382 2571 πολιτικαῖς
1459 2490 1725 2574 quidem
1803 2490 2135 2559 ἑκόόσεσιν
2207 2512 2365 2556 usus
2443 2512 2586 2557 esse
2664 2512 2804 2556 non

689 2596 1037 2661 videretur.

864 2699 1100 2764 Aliena
1153 2705 1368 2765 autem
1413 2697 1498 2763 ab
1544 2698 1667 2762 hac
1711 2697 1924 2764 forma
1977 2704 2078 2765 est
2135 2720 2266 2782 qua
2317 2701 2524 2764 utitur
2578 2697 2804 2762 Theo-

689 2802 893 2869 critus
939 2802 989 2870 I.
1037 2812 1073 2870 9

948 2899 1103 2970 αἴκα
1146 2906 1255 2971 ταὶ
1280 2907 1567 2971 ·Μοῖσαι
1614 2901 1732 2969 τὰν
1774 2900 1949 2970 οἰίόα
1995 2904 2203 2991 δῶρον
2246 2895 2548 2990 ἄγωνται,

693 3029 1088 3092 quamquam
1122 3007 1454 3073 Bentleius
1486 3007 1584 3072 vir
1617 3010 1915 3092 egregius
1961 3029 2104 3072 cum
2139 3006 2579 3073 Callimachea
2620 3027 2804 3072 com-

691 3117 913 3196 parat3
971 3132 1121 3176 nam
1181 3132 1299 3177 suo
1354 3100 1516 3195 puto
1572 3112 1717 3176 iure
1762 3110 2117 3176 Ahrensius
2162 3106 2340 3176 οἶίδα
2384 3131 2526 3175 esse
2571 3130 2805 3175 vocem

694 3214 1159 3280 deminutivam
1204 3215 1540 3281 contendit
1582 3215 1649 3279 in
1698 3213 1930 3282 Philol.
1976 3214 2112 3297 VH,
2159 3236 2223 3298 p.
2269 3222 2394 3282 406
2439 3213 2620 3278 nisus
2664 3211 2802 3278 for-

693 3319 815 3383 mis
859 3315 1039 3383 velut
1084 3313 1313 3401 οἷμνίς,
1379 3312 1679 3405 οἷρβυλίς,
1722 3313 2054 3400 χαμευνίς,
2111 3310 2489 3404 ὀρυδαμνίς,
2547 3313 2803 3402 ἕρωτίς,

694 3442 862 3506 quae
920 3441 1037 3486 cur
1089 3421 1416 3488 Meinekio
1474 3421 1644 3486 alius
1704 3421 1959 3505 generis
2013 3442 2153 3488 esse
2209 3420 2582 3499 videantur,
2638 3420 2805 3484 mihi

692 3545 821 3590 non
866 3523 1096 3607 liquet.

875 3628 1120 3693 Locum
1151 3627 1572 3694 Homericum
1614 3634 1680 3694 et
1710 3626 2212 3693 Callimacheum
2257 3645 2433 3691 nunc
2463 3624 2808 3692 Sohulzius

697 3751 959 3816 quoque
1002 3732 1071 3796 in
1117 3732 1482 3814 quaestion.
1528 3731 1693 3815 epic.
1738 3753 1800 3815 p.
1851 3738 1973 3799 3¹78
2029 3734 2378 3814 comparat,
2422 3729 2537 3812 qui
2580 3728 2807 3813 vulga-

695 3840 828 3900 tam
902 3834 1244 3901 leotionem
1319 3825 1576 3921 ἔρσενες
1640 3825 1773 3913 ὄιες
1845 3834 2261 3918 depravatam
2337 3838 2518 3899 ratus
2594 3832 2804 3898 Calli-

836 4077 877 4143 ¹)
914 4075 982 4131 cf.
1018 4074 1091 4130 ad
1124 4090 1178 4145 p.
1214 4074 1299 4129 29.

834 4165 877 4231 ²)
911 4162 980 4217 cf.
1016 4162 1089 4216 ad
1124 4178 1180 4233 p.
1216 4162 1298 4217 91.
