2969 4832
1505 332 1933 395 „52-

662 496 827 564 haec
873 499 1170 584 profecto
1216 504 1317 564 est
1362 520 1590 580 causa,
1658 520 1776 565 cur
1819 500 1945 565 hoc
1998 501 2144 568 loco
2203 500 2447 565 audeat
2491 499 2769 565 Homero

664 601 950 687 obloqui,
998 602 1251 667 scilicet
1291 606 1368 666 ut
1413 623 1604 670 suum
1649 624 1872 688 regem
1916 604 2246 685 redderet,
2290 608 2367 668 ut
2410 602 2508 667 ita
2542 602 2770 683 dicam,

664 704 1063 771 diviniorem.

833 809 978 874 Non
1026 813 1248 875 autem
1289 807 1459 892 fugit
1488 830 1593 875 me
1624 810 1963 893 propriam
2008 810 2403 876 sententiam
2450 809 2772 876 diversam

663 933 804 977 esse
852 912 1027 997 apud
1075 911 1550 978 Callimachum
1598 917 1665 976 et
1710 911 2098 989 Homerum3
2157 934 2309 977 nam
2368 912 2549 997 apud
2608 912 2772 977 hunc

663 1015 1054 1100 Polydamas
1109 1015 1253 1081 vult
1310 1014 1562 1080 dicere:
1630 1015 1698 1080 di
1744 1014 2123 1082 tribuerunt
2177 1016 2292 1080 alii
2349 1015 2563 1096 aliud,
2634 1037 2770 1081 cum

662 1118 841 1203 apud
887 1117 1357 1185 Callimachum
1415 1120 1740 1184 sententia
1785 1119 1898 1183 sit:
1952 1118 2250 1203 Iuppiter
2301 1119 2617 1183 minutias
2663 1120 2774 1183 tri-

660 1220 806 1287 buit
849 1222 1214 1287 minoribus
1261 1221 1382 1303 dis,
1426 1222 1572 1306 ipse
1618 1221 1792 1287 solos
1839 1242 2025 1305 reges
2072 1225 2277 1287 curat.
2386 1220 2516 1287 Sed
2562 1226 2771 1286 tamen

661 1330 822 1410 puto
871 1323 1341 1391 Callimachum
1398 1324 1504 1391 his
1558 1324 1856 1390 versibus
1923 1325 2113 1409 quasi
2184 1324 2393 1408 digito
2457 1329 2772 1388 monstra-

660 1429 829 1494 visse
860 1428 1129 1494 Homeri
1160 1427 1394 1509 locum,
1439 1435 1517 1495 ut
1556 1428 2026 1512 unusquisque,
2073 1428 2185 1512 qui
2232 1427 2371 1492 eius
2416 1427 2619 1493 verba
2664 1448 2771 1493 au-

664 1532 861 1614 diret,
919 1531 1450 1598 commonefieret
1504 1531 1793 1597 Homeri.
1882 1536 2096 1616 Atque
2143 1553 2343 1596 unum
2390 1529 2771 1597 vocabulum

663 1657 744 1701 ex
801 1635 1126 1701 sententia
1168 1656 1366 1720 quam
1414 1634 1810 1719 Polydamas
1856 1634 2113 1719 profert
2159 1635 2402 1715 eximit,
2472 1635 2620 1700 dico
2666 1656 2773 1698 no-

661 1760 809 1803 men
840 1735 1020 1817 θεός,
1066 1737 1219 1803 huic
1264 1739 1389 1804 soli
1435 1738 1699 1804 obsistit
1744 1737 1936 1821 quasi
1979 1739 2198 1804 iocose
2238 1744 2440 1822 atque
2470 1736 2599 1802 hac
2630 1757 2772 1802 voce

660 1845 868 1907 utitur
911 1841 1107 1907 modo
1152 1848 1391 1926 poetae
1435 1861 1586 1908 vere
1633 1840 2082 1922 Alexandrini,
2128 1846 2203 1905 ut
2253 1840 2568 1907 adnectat
2628 1862 2775 1907 acu-

663 1967 811 2011 men
858 1945 1192 2029 quoddam
1237 1944 1815 2028 adulationemque
1869 1945 1933 2008 in
1988 1965 2210 2029 regem
2262 1966 2451 2010 suum
2503 1965 2773 2010 versam.

663 2048 869 2115 Simul
916 2054 1135 2115 autem
1190 2052 1282 2115 eis
1350 2048 1619 2115 vocibus
1680 2069 1844 2132 quas
1900 2054 2181 2132 usurpat
2244 2046 2668 2113 audientibus
2712 2048 2777 2112 in

660 2152 1047 2217 memoriam
1091 2152 1339 2237 redigit
1382 2153 1596 2218 locum
1644 2151 2043 2217 Hesiodeum
2090 2150 2362 2235 (Theog.
2411 2154 2521 2236 94)
2552 2158 2597 2232 ¹)

831 2248 942 2321 Ἐκ
985 2252 1104 2343 γὰρ
1149 2253 1494 2322 Μουσάων
1536 2254 1646 2322 καὶ
1695 2249 2010 2342 ἑκηβόλου
2050 2246 2471 2334 Ἀπόλλωνος

833 2349 1060 2446 ἄνδρες
1102 2351 1322 2427 ἀοιδοὶ
1368 2355 1554 2426 ἔασιν
1598 2355 1716 2424 ἐπὶ
1759 2354 1976 2440 χθόνα
2023 2355 2133 2423 καὶ
2178 2353 2599 2447 κιθαρισταί.

835 2461 906 2528 ἐκ
949 2461 1023 2528 δὲ
1070 2459 1235 2541 Διὸς
1277 2462 1607 2553 βασιλῆες.

661 2569 876 2650 Atque
906 2566 1265 2631 Hesiodum
1308 2567 1502 2649 quasi
1547 2570 1885 2631 auctorem
1931 2585 2088 2630 suae
2135 2566 2502 2631 sententiae
2551 2570 2781 2632 contra

658 2671 1016 2736 Homerum
1062 2668 1288 2747 affert3
1333 2690 1486 2734 nam
1532 2669 1731 2735 etiam
1775 2668 1953 2753 apud
1982 2667 2165 2733 illum
2197 2673 2433 2752 poetae
2467 2668 2552 2734 ad
2586 2668 2779 2754 Apol-

658 2774 855 2839 linem
912 2770 1284 2838 referuntur
1341 2774 1444 2852 (cf.
1494 2770 1657 2840 Call.
1704 2794 1758 2837 v,
1807 2778 1949 2854 78),
2004 2771 2092 2836 ad
2145 2772 2364 2837 Iovem
2419 2771 2543 2837 soli
2592 2791 2777 2856 reges

660 2877 768 2963 (cf.
816 2875 975 2943 Call.
1020 2898 1075 2943 v,
1125 2880 1253 2960 ¹79).

832 2979 1075 3045 Similis
1132 2984 1352 3044 autem
1408 2978 1591 3044 Iocus
1648 2985 1752 3044 est
1797 2978 1858 3043 h.
1902 2979 1953 3043 I.
2002 2986 2104 3059 60,
2164 3000 2315 3043 nam
2362 2977 2470 3043 hic
2517 2996 2776 3062 quoque

660 3081 1130 3149 Callimachum
1197 3082 1372 3147 Iovis
1439 3082 1702 3147 nomine
1758 3081 2204 3148 Ptolemaeum
2273 3079 2773 3165 Philadelphum

659 3184 1124 3271 significavisse
1170 3185 1254 3250 ab
1301 3185 1452 3251 aliis
1497 3186 1625 3250 iam
1675 3186 1994 3250 monitum
2042 3190 2159 3250 est.
2253 3183 2468 3251 Verba
2514 3189 2732 3249 autem

833 3286 1114 3377 Δηναιοὶ
1161 3281 1218 3353 δ’
1268 3280 1342 3355 οὐ
1387 3286 1679 3373 πάμπαν
1724 3281 2006 3375 ἀληθέες
2052 3277 2225 3379 ἦσαν
2272 3282 2509 3354 ἀοιδοί.

830 3389 1043 3480 φάντο
1089 3389 1305 3458 πάλον
1350 3389 1715 3480 Κρονίδῃσι
1759 3389 2065 3479 διάτριχα
2111 3388 2390 3474 δώματα
2432 3394 2650 3475 νεῖμαι
2675 3409 2690 3423 ·

829 3491 933 3574 τίς
977 3492 1054 3560 δέ
1094 3487 1152 3560 κ’
1199 3488 1308 3560 ἐπ’
1358 3489 1675 3582 οὖλύμπῳ
1718 3518 1791 3560 τε
1836 3494 1944 3559 καὶ
1992 3485 2135 3560 ἷίιὸι
2177 3493 2413 3584 κλῆρον
2459 3489 2744 3581 ἐρύσσαι,

831 3586 906 3676 ὃς
948 3595 1127 3681 μάλα
1169 3595 1261 3689 μὴ
1307 3594 1624 3686 νενίηλος,·
1670 3592 1786 3663 ἐπ’
1834 3593 2022 3686 ἶσοιίῃ
2067 3589 2186 3685 γὰρ
2234 3591 2404 3663 ἔοικε

835 3697 1193 3790 πήλασθαι
1219 3722 1232 3738 ·
1258 3699 1342 3767 τὰ
1387 3700 1462 3767 δὲ
1506 3698 1743 3767 τόσσον
1790 3696 1941 3768 ὅσον
1986 3692 2100 3765 διὰ
2146 3700 2461 3766 πλεῖστον
2507 3694 2722 3782 &ovat

661 3803 838 3868 dicta
885 3824 1028 3868 esse
1076 3811 1302 3870 contra
1346 3805 1709 3870 Homerum
1762 3805 1818 3870 Ο
1869 3810 1990 3871 187
2037 3824 2183 3887 sqq.

800 4080 840 4143 ι)
877 4099 944 4125 2
982 4076 1153 4132 Hom.
1190 4079 1382 4149 hymn.
1419 4076 1614 4133 XXV.
1650 4077 1685 4130 2
1720 4093 1840 4148 sqq.
