2969 4832
1013 330 1440 405 ..b-79„

805 508 1021 594 Frgm.
1073 516 1214 577 302.
1261 502 1664 587 ἀπόθεστος.

352 627 529 719 ‘my
574 625 632 695 δ’
679 624 1063 696 ἀπόθεστον
1094 622 1387 709 ἀλάλκοι,
1415 618 1555 693 “Hv
1595 624 1806 707 οὓδεὶς
1840 622 2099 693 ποθέει.
2178 623 2283 692 Sic

173 756 440 801 versum
486 734 782 800 restituit
827 733 1260 799 Schneiderus
1308 754 1342 796 e
1388 733 1778 797 coniecturis
1825 731 2098 796 Porsoni
2137 729 2288 798 Not.

172 838 354 905 brev,
403 836 488 900 ad
533 836 762 920 Toupii
809 835 1183 901 Emendatt.
1246 835 1312 898 in
1360 834 1537 900 Suid.
1584 856 1644 917 p.
1689 842 1814 903 489
1879 825 2292 918 (ἀπόθεστον

177 962 304 1024 pro
350 931 701 1007 ἀπόθεσθ’
749 939 851 1004 vel
905 931 1120 1005 ἀπόθ’
1182 936 1337 1020 ἑσθ)
1386 942 1453 1002 et
1494 937 1777 1003 Bentleii
1834 936 2100 1020 (ποθέει
2170 959 2290 1021 pro

180 1046 444 1126 ποθεῖ).
535 1043 688 1125 Egit
737 1042 817 1108 de
874 1040 997 1107 hoo
1054 1040 1241 1125 frgm.
1289 1040 1632 1105 Scheerius
1694 1063 1753 1125 p.
1805 1048 1902 1121 10,
1962 1042 2074 1124 qui
2131 1041 2294 1105 dicit

173 1140 396 1213 ἀποθ.
431 1171 467 1232 ρ
501 1149 632 1212 296
663 1148 894 1229 leyitur
924 1148 1118 1208 dubia
1151 1147 1570 1230 oriqinatione
1616 1165 1755 1208 cum
1787 1147 1904 1208 alii
1934 1146 2016 1207 ad
2055 1136 2295 1209 ἀποτι-

175 1248 385 1316 θέναι
414 1251 499 1332 (ἓ)
532 1252 649 1312 alii
692 1251 778 1311 ad
821 1246 1210 1314 θέσσασθαι
1254 1251 1570 1332 referrent
1613 1269 1670 1311 v.
1718 1252 1889 1312 Eust.
1922 1271 1979 1311 α.
2013 1249 2052 1311 l.
2120 1253 2294 1312 Inter

174 1355 290 1416 hos
352 1355 553 1436 fuisse
620 1353 1067 1416 Callimachum
1133 1360 1396 1434 apparet
1461 1373 1586 1414 non
1660 1373 1689 1414 e
1750 1354 2102 1436 fraymemo
2169 1355 2295 1418 502

176 1452 337 1541 δύήν
381 1448 772 1521 ἀπόθεστον
822 1446 1093 1521 ἀλάλκοι
1143 1457 1453 1538 Cydippae
1501 1477 1540 1517 a
1585 1457 1772 1519 Dilth.
1816 1458 2132 1520 vindicato
2189 1457 2296 1518 sed

175 1580 207 1622 e
242 1578 433 1622 versu
471 1561 605 1620 Cer.
637 1561 722 1620 48
766 1554 988 1623 τέκνον
1030 1555 1403 1623 πολύθεστε
1433 1562 1743 1624 τοκεῦσιν.
1815 1558 1937 1622 His
1982 1559 2049 1622 in
2080 1558 2294 1624 verbis

174 1660 401 1726 facere
449 1680 577 1724 non
637 1681 932 1744 possum,
998 1662 1156 1744 quin
1200 1661 1561 1743 vituperem
1611 1660 1873 1727 Seheeri
1928 1661 2290 1726 socordiam

177 1770 385 1847 atque
433 1763 792 1844 levitatem3
867 1784 1018 1828 nam
1066 1785 1258 1847 quem
1314 1764 1577 1829 unicum
1634 1770 1866 1830 testem
1927 1763 2122 1830 affert
2167 1765 2297 1829 Eu-

175 1867 471 1932 stathius
518 1858 907 1946 ἀπόθεστος
950 1888 1159 1951 neque
1191 1867 1274 1931 ab
1325 1860 1752 1950 ἀποτιθέναι,
1801 1889 2014 1951 neque
2047 1889 2086 1934 a
2132 1865 2297 1934 θέσ-

176 1976 443 2037 σασθαι
490 1969 774 2048 derivat,
828 1991 1037 2053 neque
1084 1971 1345 2035 omnino
1401 1969 1576 2035 ullus
1624 1978 1913 2036 veterum
1973 1991 2297 2055 gramma-

179 2075 461 2139 ticorum
513 2071 675 2136 haee
720 2077 937 2157 etyma
983 2071 1209 2152 affert,
1264 2074 1378 2138 sed
1425 2093 1684 2138 omnes
1731 2074 1851 2139 hoe
1908 2074 2296 2140 vocabulum

183 2181 572 2241 revocant
617 2175 710 2239 ad
758 2177 1040 2242 ποθέω
1087 2177 1428 2256 verbum3
1483 2197 1633 2241 nam
1683 2176 1761 2242 ef.
1809 2178 2106 2244 Eustath.
2161 2184 2297 2258 106,

181 2290 256 2347 41
316 2276 619 2368 ποθήσω
666 2277 777 2344 καὶ
824 2278 1122 2360 ποθέσω,
1175 2276 1247 2361 ἐξ
1289 2267 1363 2346 οὗ
1408 2278 1475 2345 ἐν
1518 2273 1863 2370 Ὀδυσσείᾳ
1908 2276 2075 2346 κύων
2120 2273 2298 2347 ἀπό-

178 2387 463 2464 θεστος,·
517 2389 696 2460 1013,
726 2390 803 2449 41
857 2376 979 2470 ὅρα
1011 2382 1085 2450 δὲ
1123 2376 1197 2450 τὸ
1244 2380 1570 2467 πόθεσαν,
1617 2381 1691 2465 ἐξ
1730 2370 1801 2451 οὗ
1848 2382 1914 2451 ἐν
1954 2378 2296 2472 Ὀδυσσείᾳ

176 2484 353 2552 κύων
383 2479 775 2564 ἀπόθεστος
802 2507 815 2521 ·
845 2482 880 2552 ὅ
912 2484 1051 2553 ἐστι
1085 2480 1178 2577 μὴ
1213 2486 1645 2571 ποθούμενος,
1699 2496 1881 2569 1450,
1916 2496 1998 2554 27
2043 2488 2298 2573 λέγεται

176 2586 403 2655 τοίνυν
447 2581 792 2675 ἑκατέρως,
850 2587 958 2654 καὶ
1009 2594 1318 2680 ποθῆσαι
1376 2590 1487 2656 καὶ
1534 2590 1832 2657 ποθέσαι
1857 2612 1873 2628 ·
1897 2583 2011 2679 ἀφ’
2062 2577 2135 2656 οὗ
2188 2588 2297 2655 καὶ

178 2687 582 2770 ἀπόθεστος
626 2690 791 2757 κύων
835 2690 901 2758 ἐν
944 2696 1079 2770 τοῖς
1124 2688 1298 2783 ἑξῆς,
1348 2688 1383 2759 ὁ
1428 2687 1830 2783 ἦμελημένος
1874 2694 1983 2759 καὶ
2013 2690 2300 2781 ἀπόθη-

179 2818 321 2875 τος,
376 2802 555 2861 1821.
603 2802 680 2861 39
733 2788 1124 2876 ἀπόθεστος
1170 2794 1243 2861 δὲ
1291 2790 1326 2862 ὁ
1369 2788 1684 2885 ἀφίλητος
1727 2795 1837 2862 καὶ
1879 2790 2297 2885 ἀτημέλητος,

180 2895 257 2962 ἐκ
304 2902 423 2962 τοῦ
466 2902 686 2979 ποθῶ,
755 2898 1060 2978 ποθέσω,
1127 2897 1284 2985 περὶ
1331 2886 1403 2965 οὗ
1448 2898 1977 2991 προδεδήλωται.
2067 2901 2170 2966 Et.
2214 2901 2300 2964 M.

184 3007 334 3079 131,
369 3007 447 3067 34
481 2993 845 3088 ἀπόθητος,
880 2996 994 3068 οὖκ
1023 2999 1547 3089 ἐπιζητούμενος,
1599 2998 1635 3069 ὅ
1667 3001 1848 3070 ἐστιν
1879 2997 2297 3093 ἧμελημένος,

180 3096 283 3193 μὴ
343 3101 780 3188 ποθούμενος.
878 3098 989 3171 Ἐκ
1040 3109 1155 3172 τοῦ
1212 3103 1454 3172 ποθέω
1500 3110 1702 3173 ποθῶ
1750 3106 2035 3174 ποθέσω
2081 3104 2297 3174 πεπό-

179 3213 362 3273 θεκα
409 3204 844 3292 πεπόθεσμαι
889 3206 1321 3275 πεπόθεσται
1370 3207 1712 3290 ποθεστός
1757 3210 1866 3276 καὶ
1896 3202 2299 3289 ἀπόθεστος,

182 3306 221 3376 ὃ
272 3301 621 3400 ἀζήτητος,
693 3305 729 3377 ὁ
770 3310 863 3402 μὴ
921 3308 1351 3396 ποθούμενος.
1438 3311 1619 3378 Suid.
1674 3306 2021 3403 ἀπόθητος
2060 3335 2075 3350 ·
2116 3309 2152 3380 ὁ
2204 3306 2297 3404 μὴ

186 3410 627 3497 ποθούμενος.
717 3414 919 3483 schol.
965 3416 1049 3479 ad
1105 3415 1424 3499 Lycophr.
1492 3422 1616 3482 540
1684 3410 2043 3484 ἀπόθεστα
2076 3439 2090 3453 ·
2125 3412 2300 3505 ἅπερ

183 3508 402 3594 οὐδεὶς
448 3508 525 3581 ἂν
574 3515 929 3607 ποθήσειε.

366 3618 504 3684 Iam
555 3620 611 3684 si
668 3622 1068 3704 quaerimus,
1136 3623 1297 3705 quid
1345 3621 1506 3688 Call.
1553 3623 1634 3688 de
1691 3623 2054 3707 veriloquio
2109 3624 2302 3689 huius

189 3722 372 3787 vocis
419 3725 767 3803 censuerit,
816 3724 1062 3809 pendet
1106 3745 1211 3789 res
1245 3746 1323 3789 ex
1369 3725 1502 3789 alia
1545 3729 1924 3817 quaestipne
1971 3748 2139 3811 quae
2186 3734 2303 3810 est,

187 3831 411 3890 utrum
457 3825 576 3891 illa
620 3826 816 3891 verba
863 3816 937 3915 ἣν
980 3819 1188 3905 οὐδεὶς
1230 3826 1473 3894 ποθέει
1522 3850 1689 3912 quae
1731 3838 2092 3913 sequuntur
2122 3831 2300 3915 apud

187 3929 462 3996 Suidam
495 3928 642 4013 ipsa
689 3949 946 4013 quoque
980 3930 1362 3996 Callimachi
1406 3932 1538 3996 sint
1585 3953 1807 4001 1100110.
1875 3937 2091 4018 Atque
2136 3933 2302 4000 haee

191 4034 496 4117 quaestio
553 4030 730 4097 haud
785 4032 998 4097 facilis
1044 4039 1145 4098 est
1198 4034 1578 4102 diiudicatu.
1666 4035 1990 4101 Porsonus
2039 4038 2302 4120 quidem

199 4134 653 4201 Callimaehea
697 4133 857 4200 haee
905 4135 1101 4200 verba
1134 4158 1273 4202 esse
1305 4139 1585 4222 negavit,
1631 4158 1774 4202 eum
1807 4159 1846 4203 a
1878 4141 2301 4223 grammatico
