2969 4832
1519 334 1942 397 -13-

674 504 817 566 tum
861 504 1039 583 est,¹)
1085 499 1185 568 ita
1228 504 1304 566 ut
1350 500 1435 566 ad
1482 505 1733 569 certum
1776 500 1969 568 finem
2010 500 2289 586 perduci
2332 518 2438 566 res
2482 504 2779 584 nequeat„

675 604 804 669 nisi
871 602 1208 668 subtiliter
1277 608 1476 688 atque
1542 605 1610 670 in
1680 605 2043 672 contrarias
2109 610 2334 690 partes
2397 604 2778 688 disputetur.

673 706 804 772 Sed
848 706 1104 791 longius
1150 728 1191 772 a
1234 709 1577 793 proposito
1623 707 2098 790 aberraremus;
2143 729 2355 794 neque
2393 707 2566 773 enim
2598 707 2781 791 quid-

673 831 869 895 quam
938 813 1194 894 spectat
1255 809 1341 876 ad
1411 810 1902 878 Callimachum.
2020 811 2254 896 Itaque
2335 811 2781 897 quaestionem

673 915 768 978 sie
798 931 1265 998 proponemus:
1310 914 1689 982 Potestne
1721 916 2117 1000 Diogenes
2150 914 2520 981 Laertius
2559 934 2782 980 voca-

669 1016 939 1102 bulum
998 1012 1080 1099 ἐξ
1131 1011 1538 1110 ὑποβολῆς
1595 1018 1739 1085 tali
1796 1017 2026 1084 modo
2087 1018 2631 1098 intellexisse,
2695 1021 2785 1081 ut

673 1121 1178 1205 significaret
1233 1116 1439 1190 ὅπου
1482 1116 1519 1189 ὃ
1563 1125 1882 1209 πρῶτος
1936 1115 2229 1211 ἔληξεν,
2297 1119 2610 1188 ἐκεῖθεν
2654 1112 2785 1207 ἷίρ-

668 1229 968 1307 χεσθοιι
1031 1223 1163 1291 τὸν
1227 1221 1636 1310 ἐχόμενον,
1703 1247 1790 1291 an
1833 1224 1881 1289 ii
1926 1225 2047 1291 viri
2094 1225 2269 1291 docti
2323 1230 2501 1291 recte
2546 1224 2785 1302 dicunt,

674 1331 805 1412 qui,
854 1349 1002 1394 cum
1046 1326 1120 1410 ἐξ
1166 1323 1505 1420 ὑποβολῆς
1547 1330 1673 1396 1100
1720 1351 1851 1395 non
1895 1327 2260 1412 significare
2304 1328 2532 1412 possit,
2573 1348 2787 1393 corru-

671 1436 858 1516 ptum
903 1454 1046 1498 esse
1092 1433 1398 1498 censent?
1498 1437 1715 1517 Atque
1783 1432 2086 1518 equidem
2158 1433 2460 1498 existimo
2517 1451 2786 1495 sanum

675 1556 818 1601 esse
873 1532 946 1617 ἒξ
993 1530 1330 1627 ὑποβολῆς
1389 1542 1456 1603 et
1514 1538 1874 1622 Diogenem
1926 1558 2081 1603 vera
2123 1537 2392 1603 notione
2436 1535 2635 1600 huius
2681 1555 2789 1598 vo-

674 1638 893 1704 cabuli
936 1658 1079 1706 sese
1123 1661 1313 1705 usum
1358 1661 1502 1707 esse
1548 1640 1925 1712 credidisse.
2024 1640 2284 1706 Etenim
2330 1638 2506 1724 apud
2552 1639 2790 1703 Home-

675 1764 820 1808 rum
865 1742 1146 1827 legimus
1191 1748 1273 1810 A
1317 1751 1441 1812 292

889 1844 1004 1913 τὸν
1049 1839 1107 1912 δ’
1155 1837 1257 1934 ἂρ’
1301 1841 1680 1939 ὑποβλήδην
1723 1840 2035 1937 ἠμείβετο
2081 1846 2223 1925 δῖος
2261 1839 2592 1929 Ἀχιλλεύς

677 1955 744 2017 et
793 1956 856 2015 T
893 1957 978 2017 80
1024 1949 1183 2015 dicit
1226 1952 1622 2035 Agamemno

894 2041 947 2120 ὦ
992 2051 1180 2142 φίλοι
1223 2048 1431 2144 ἥρωες
1478 2050 1753 2133 Δαναοί,
1797 2050 2212 2140 θεράποντες
2236 2046 2488 2142 Ἄρηος,

893 2152 1208 2237 ἑσταότος
1251 2155 1371 2241 μὲν
1413 2155 1610 2224 καλὸν
1653 2150 1923 2240 ἀκούειν,
1971 2149 2125 2224 οὐδὲ
2170 2152 2377 2225 ἔοικεν

893 2255 1236 2347 ὑββάλλειν
1265 2282 1279 2297 ·
1311 2252 1601 2344 χαλεπὸν
1645 2252 1764 2346 γὰρ
1809 2258 2234 2349 ἐπισταμένῳ
2280 2283 2409 2348 περ
2453 2257 2649 2329 ε’όντι.

682 2367 897 2450 Atque
953 2364 1155 2432 etiam
1208 2362 1276 2429 hi
1331 2364 1461 2431 loci
1519 2385 1668 2430 cum
1724 2363 1881 2431 olim
1927 2369 2063 2430 tum
2109 2386 2279 2430 nunc
2324 2363 2599 2430 adducti
2646 2368 2798 2429 sunt

681 2471 750 2534 in
796 2468 1320 2549 controversiam,
1368 2490 1568 2553 quam
1611 2466 1718 2533 hic
1763 2468 1924 2533 nihil
1969 2489 2270 2534 curamus
2290 2489 2305 2554 ;
2325 2473 2378 2553 ²)
2422 2468 2548 2533 1100
2595 2484 2794 2533 unum

686 2572 829 2638 dico
875 2592 916 2636 a
958 2570 1294 2637 nonnullis
1364 2571 1658 2656 antiquis
1726 2573 2170 2656 grammaticis
2235 2566 2635 2656 ὑποβάλλειν
2702 2571 2799 2635 in-

684 2675 1024 2742 tellectum
1081 2697 1222 2742 esse
1280 2676 1550 2741 notione
1606 2673 2310 2760 interpelland138)
2376 2673 2457 2739 cf.
2500 2672 2701 2741 schol.
2744 2675 2799 2737 A

685 2779 770 2844 ad
820 2786 883 2844 T
923 2787 1035 2847 79:
1110 2779 1326 2858 καλῶς
1391 2772 1522 2860 ἔχει
1585 2782 1702 2844 τοῦ
1768 2773 2057 2858 ἑστῶτος
2121 2776 2234 2845 καὶ
2296 2778 2802 2866 δημηγοροῦντος

684 2875 931 2951 ἀκούειν
987 2879 1099 2948 καὶ
1150 2874 1244 2971 μὴ
1297 2875 1680 2970 ὑποκρούειν
1730 2880 1902 2971 μηδὲ
1955 2878 2346 2967 ἐμποδίζειν
2377 2903 2392 2917 ·
2422 2882 2615 2947 τοῦτο
2678 2878 2801 2969 γὰρ

686 2986 875 3074 δηλοῖ
934 2983 1010 3053 τὸ
1077 2978 1422 3070 ὑββάλλειν
1451 3036 1665 3053 .....
1717 2981 1925 3066 οὕτως
1980 2980 2014 3051 ὁ
2068 2983 2428 3064 Κοτιανεύς
2449 2988 2526 3070 ,4)
2596 2984 2799 3051 schol.

687 3090 743 3154 D
776 3090 862 3156 ad
898 3096 961 3155 T
985 3096 1069 3159 80
1096 3081 1440 3174 ὑββάλλειν
1470 3109 1487 3126 ·
1519 3084 1918 3180 ὑποκρούειν,
1966 3085 2352 3173 ἐμποδίζειν
2388 3085 2504 3156 τὸν
2531 3084 2804 3174 λέγοντα

827 3350 868 3417 1)
904 3347 1160 3418 Egerunt
1210 3345 1281 3401 de
1333 3346 1441 3402 hac
1493 3363 1554 3402 re
1603 3350 1822 3418 praeter
1874 3345 2218 3402 Boeckhium
2281 3345 2604 3418 praesertim
2659 3344 2806 3401 God.

690 3433 1070 3501 Hermannus,
1107 3448 1195 3503 op.
1236 3431 1310 3500 V,
1343 3433 1449 3488 300
1481 3438 1539 3488 et
1574 3448 1663 3504 op.
1702 3432 1838 3502 VII,
1872 3433 1942 3489 82
1976 3448 2042 3488 ac
2076 3431 2417 3501 Nitzschius,
2461 3431 2807 3486 Meletemat.

689 3521 759 3576 de
801 3519 928 3575 hist.
982 3518 1221 3575 Homeri
1271 3518 1538 3575 fasciculo
1589 3520 1922 3591 posteriore]
1933 3536 1987 3591 p.
2034 3519 2137 3575 132
2180 3523 2238 3574 et
2284 3518 2655 3590 Sagenpoesie
2708 3517 2810 3573 der

689 3605 963 3664 Griechen
997 3622 1050 3677 p.
1086 3605 1206 3660 413.

827 3696 871 3761 ⁸)
906 3692 975 3748 cf.
1022 3695 1238 3763 praeter
1289 3690 1532 3748 Boeckh.
1577 3697 1636 3749 et
1677 3693 1987 3748 Hermann.
2023 3691 2060 3748 l.
2097 3692 2136 3748 1.
2200 3690 2458 3763 Spitzner
2499 3689 2572 3745 ad
2614 3695 2675 3759 T,
2720 3689 2809 3745 80.

692 3779 957 3851 Hagena:
1008 3776 1206 3832 Philol.
1256 3776 1433 3846 VIII,
1476 3779 1597 3835 390.
1666 3778 1761 3835 W.
1802 3778 2082 3834 Ribbeck:
2117 3777 2319 3834 Philol.
2365 3779 2468 3846 IX,
2501 3778 2585 3832 61.
2656 3776 2811 3830 Doe-

690 3865 961 3921 derlinus:
1000 3862 1090 3919 Gl.
1125 3863 1245 3918 312.
1299 3863 1520 3919 Ameis:
1555 3863 1821 3920 Zeitschr.
1857 3864 1897 3921 f.
1923 3865 2180 3935 Gymnw.
2214 3862 2390 3933 VIII,
2425 3862 2546 3918 632.
2603 3861 2810 3917 Schra-

691 3953 813 4009 der:
848 3949 1032 4005 annal.
1068 3948 1337 4004 Fleckeis.
1374 3950 1461 4018 93,
1494 3950 1615 4006 232.

831 4041 873 4106 ⁸)
909 4052 1052 4109 quae
1086 4034 1223 4089 mihi
1256 4034 1378 4090 sola
1409 4052 1541 4092 vera
1575 4034 1819 4103 videtur3
1856 4035 1925 4092 cf.
1963 4036 2075 4092 vim
2110 4034 2263 4092 verbi
2297 4033 2561 4091 subicere.

829 4128 872 4194 ⁴)
908 4121 1240 4180 Alexander.
