2969 4832
1552 351 1980 423 ..34-

709 537 1041 610 nunquam
1086 522 1216 591 nisi
1262 526 1540 592 consilio
1587 532 1860 612 arteque
1890 526 1992 594 vel
2022 528 2090 592 in
2120 524 2491 594 nominibus
2536 524 2832 613 propriis

709 628 1053 695 admisisse
1099 629 1479 713 spondeum.

1482 819 1565 883 Π.
1614 826 1713 887 60.
1762 817 2040 901 συνεχές.

891 930 1209 1024 ’Ἀρτεμις
1252 932 1689 1027 ἇγριόσσουσα
1733 936 2032 1030 καρήατα
2076 939 2331 1022 συνεχὲς
2374 936 2580 1027 αἰγῶν

906 1038 1316 1107 Κυνθιάὸων
1359 1040 1726 1130 φορέεσκεν.
2568 1033 2573 1042 ’

878 1143 1156 1209 Videtur
1209 1145 1371 1210 mihi
1428 1144 1590 1213 Call.
1645 1144 1770 1210 hoc
1838 1166 2031 1211 versu
2097 1146 2379 1212 voluisse
2448 1146 2834 1230 quicunque

711 1266 858 1310 eum
903 1243 1149 1329 legeret
1191 1248 1566 1314 meminisse
1612 1248 1799 1312 Hom.
1846 1271 1872 1313 ι
1921 1255 2002 1315 74

915 1344 1117 1422 ,ἔνθα
1162 1346 1293 1416 δύω
1338 1341 1574 1430 ’ν’ύκτας
1619 1347 1734 1416 δύο
1776 1341 1834 1415 τ’
1881 1342 2106 1441 ἤματα
2155 1350 2412 1433 συνεχὲς
2456 1346 2583 1417 αἶεὶ

944 1449 1227 1536 κείμεθ’.

709 1556 877 1621 Nam
919 1556 1101 1622 vides
1148 1554 1626 1622 Callimachum
1682 1555 1785 1621 vel
1845 1556 2276 1623 similitudine
2335 1578 2535 1624 sonus
2589 1557 2658 1621 in
2715 1577 2834 1622 ex—

713 1664 909 1725 eunte
950 1679 1143 1725 versu
1173 1661 1344 1725 hunc
1367 1659 1778 1725 Homericum
1830 1682 1865 1726 e
1910 1660 2226 1725 memoria
2270 1661 2459 1744 quasi
2503 1660 2831 1739 elicuisse,

712 1768 787 1827 ut
829 1763 1089 1847 saepius
1135 1762 1319 1843 fecit3
1367 1761 1448 1827 cf.
1491 1762 1704 1831 Aulin.
1750 1762 1793 1830 1.
1825 1762 1867 1828 l.
1897 1786 1959 1847 p.
1993 1770 2074 1830 26
2122 1768 2189 1828 et
2233 1783 2400 1846 quae
2447 1763 2583 1828 dixi
2627 1784 2688 1847 p.
2723 1770 2830 1830 23.

712 1871 925 1950 Atque
982 1886 1110 1930 non
1164 1865 1307 1931 sine
1369 1866 1641 1930 consilio
1709 1871 1871 1950 puto
1939 1887 2086 1932 eum
2154 1867 2434 1950 primam
2502 1864 2830 1950 syllabam

711 1968 1011 2035 vocabuli
1059 1965 1308 2049 συνεχές
1351 1967 1735 2052 produxisse
1782 1968 2135 2034 secundum
2185 1969 2567 2050 Homerum3
2614 1968 2824 2038 schol.

712 2073 884 2138 enim
951 2073 1006 2136 A
1070 2071 1156 2137 ad
1212 2076 1301 2137 M
1357 2079 1469 2151 26,
1535 2071 1648 2137 ubi
1716 2072 1873 2137 item
1943 2070 2202 2154 συνεχές
2267 2078 2652 2155 usurpatum
2723 2078 2837 2137 est

711 2176 912 2261 longa
955 2175 1171 2259 prima
1214 2174 1472 2259 syllaba

1931 2265 2002 2344 ὗε
2047 2274 2106 2344 δ’
2153 2271 2282 2365 ἄρα
2325 2276 2492 2358 Ζεὺς

912 2381 1186 2465 συνεχές,
1234 2372 1406 2469 ὄφρα
1452 2403 1523 2446 κε
1567 2385 1825 2449 θᾶσσον
1868 2375 2163 2449 ἁλίπλοα
2208 2378 2422 2465 τείχεα
2467 2377 2623 2469 θείη

714 2488 905 2554 nobis
959 2487 1121 2552 haec
1174 2484 1481 2551 tradidit:
1550 2483 1804 2567 συνεχές
1840 2506 1854 2522 ·
1888 2480 2314 2572 Ἀρίσταρχος
2358 2484 2467 2550 καὶ
2517 2477 2835 2572 ,Ἀριστο-

716 2587 924 2679 φάνης
970 2588 1082 2655 διὰ
1126 2590 1238 2654 τοῦ
1284 2583 1511 2675 ἑτέρου
1542 2591 1657 2671 ν.1)
1728 2587 1809 2653 cf.
1859 2588 2162 2656 Eustath.
2208 2587 2291 2654 ad
2339 2587 2456 2653 Od.
2512 2596 2692 2669 1615,
2744 2597 2836 2657 58

715 2692 826 2759 καὶ
872 2688 991 2781 ὅρα
1036 2690 1104 2757 ἐν
1147 2688 1401 2770 τούτοις
1443 2687 1520 2756 τὸ
1568 2690 1821 2773 συνεχὲς
1876 2686 2154 2757 ἐκτεῖνον
2208 2684 2329 2781 τὴν
2382 2688 2841 2774 κατάρχουσαν

716 2794 1047 2885 πρόθεσιν
1090 2787 1457 2885 ἀσυνήθως.
1507 2788 1612 2859 διὸ
1657 2792 1763 2859 καὶ
1811 2789 2182 2882 ἐτόλμησάν
2226 2818 2397 2875 τινες
2447 2789 2664 2880 ὥςπερ
2707 2792 2839 2862 ἐπὶ

714 2903 825 2964 τοῦ
868 2895 1139 2978 ἐννέπω,
1202 2892 1370 2964 οὕτω
1414 2895 1525 2962 καὶ
1572 2895 1861 2963 ἐνταῦθα
1907 2897 2242 2963 διπλῶσαι
2287 2889 2364 2962 τὸ
2409 2891 2838 2980 ἆμετάβαλον

718 3000 828 3069 διὰ
873 2997 1202 3067 δάκτυλον.
1296 2999 1455 3066 Call.
1517 3001 1719 3084 igitur
1785 3000 1916 3065 iam
1977 3005 2133 3066 ante
2188 2999 2690 3083 Aristophanem
2763 3007 2843 3066 et

712 3104 1164 3172 Aristarchum
1219 3103 1301 3167 iis
1348 3102 1630 3183 obstitit,
1702 3103 1816 3188 qui
1889 3100 2177 3184 συννεχές
2242 3103 2440 3168 scribi
2507 3101 2845 3168 iubebant

717 3214 917 3292 atque
960 3227 1181 3273 veram
1225 3205 1615 3289 scripturam
1662 3206 1866 3271 voluit
1922 3207 2234 3272 substitui
2278 3228 2400 3291 pro
2445 3211 2621 3293 κοινῇ
2663 3198 2839 3271 ἀνα-

719 3308 1034 3398 γνώσειβ)
1124 3308 1311 3388 Quod
1366 3315 1582 3375 autem
1643 3331 1809 3374 unus
1864 3309 2072 3375 codex
2124 3309 2191 3374 in
2244 3310 2387 3375 loco
2454 3309 2567 3374 illo
2624 3307 2842 3374 Calli-

724 3413 989 3479 macheo
1036 3411 1143 3497 (G.
1177 3412 1354 3497 apud
1387 3413 1715 3497 Schneid.)
1747 3411 2011 3478 exhibet
2055 3410 2362 3495 συννεχές,
2410 3411 2573 3477 nihil
2617 3411 2842 3478 refert

721 3517 993 3601 reliquis
1041 3516 1597 3583 consentientibus
1641 3516 1707 3580 in
1754 3513 2025 3598 συνεχές.

887 3621 1030 3686 Hoc
1086 3619 1257 3685 addo
1320 3621 1518 3686 etiam
1569 3623 1888 3686 Aratum
1946 3619 2080 3685 iam
2138 3622 2292 3683 ante
2349 3616 2840 3685 Callimachum

686 3744 976 3790 ,versum
1021 3721 1210 3788 illum
1254 3723 1674 3789 Homericum
1718 3722 2044 3786 imitatum
2092 3741 2232 3786 esse
2276 3742 2334 3786 v,
2379 3728 2462 3789 20

871 3985 918 4051 ¹)
953 3980 1040 4035 Ad
1076 3978 1169 4034 διὰ
1204 3983 1305 4034 τοῦ
1342 3983 1528 4054 ἑτέρου
1566 4002 1614 4033 ν.
1640 3980 1673 4033 i.
1703 3995 1746 4034 e.
1785 3977 1850 4032 δι’
1891 3977 2010 4033 ἑνός
2044 3977 2113 4033 cf.
2150 3976 2436 4045 Ludwich‚
2469 3976 2639 4032 Arist
2681 3977 2839 4033 hom.

719 4067 989 4124 Textkrit.
1026 4065 1075 4133 Ι,
1109 4067 1229 4135 301,
1267 4066 1350 4122 17.

858 4156 906 4221 ²)
942 4151 1015 4208 cf.
1051 4152 1136 4206 La
1171 4152 1362 4207 Roche
1395 4153 1432 4207 1.
1468 4152 1506 4206 l.
1543 4169 1597 4223 p.
1633 4152 1752 4208 354.
