2969 4832
160 512 273 575 τοῦ
306 504 496 589 Διός.
546 501 664 575 ἐὰν
709 506 783 575 δὲ
826 512 969 589 τοῖς
1012 505 1182 599 ἑξῆς,
1231 504 1450 574 πάντα
1496 503 1688 574 ἔσται
1725 500 1810 574 τὰ
1841 502 2018 575 ὅπλα
2057 499 2277 589 αὐτοῦ,

161 607 326 699 ὅπερ
370 610 487 678 καὶ
531 609 850 679 πιθανόν.
900 606 1105 693 οὕτως
1149 611 1223 678 δὲ
1267 610 1378 678 καὶ
1415 607 1859 701 Ἀρίσταρχος.
1948 611 2034 676 Et
2078 610 2279 679 schol.

159 715 398 784 Townl.
441 708 526 782 τὸ
572 707 781 796 „Atos
826 715 1366 805 νεφεληγερέταο“
1414 713 1587 794 τινὲς
1628 718 1723 803 τῷ
1770 713 2041 804 πρώτῳ,
2086 708 2148 780 οἱ
2202 712 2277 780 δὲ
2329 741 2355 753 ·

158 824 253 906 τῷ
312 814 499 910 ἑξῆς·
525 815 1055 903 (συνάπτουσιν),
1123 813 1204 884 ἵν’
1264 808 1306 907 ᾗ
1358 814 1480 887 ὅλα
1531 810 1614 884 τὰ
1668 813 1851 886 ὅπλα
1902 821 2017 884 τοῦ
2070 815 2278 897 Διός·

159 914 373 988 κοινὸν
419 920 496 988 δὲ
540 921 654 989 καὶ
698 918 761 988 εἰ
797 926 892 1010 τῷ
938 920 1264 1009 πρώτῳ.1)
1357 921 1697 988 Sententia
1760 920 2109 986 manifesto
2178 927 2280 987 est

162 1021 324 1103 Διός
351 1025 439 1090 ad
474 1029 830 1109 utrumque
861 1025 1226 1091 membrum
1256 1023 1653 1090 trahendum
1685 1044 1857 1101 esse3
1904 1029 1972 1090 et
2000 1024 2278 1090 fortasse

159 1126 324 1193 haec
370 1128 579 1194 etiam
627 1128 1012 1195 Callimachi
1066 1128 1289 1211 opinio
1345 1134 1517 1206 erat,
1573 1147 1717 1191 cum
1777 1128 2096 1194 scriberet
2141 1153 2279 1192 πα-

159 1226 367 1316 τρώια
411 1228 677 1297 πάντα
718 1229 1128 1319 φέρεσθαιβ)

327 1540 476 1607 ΑΙίο
522 1542 721 1607 etiam
768 1542 915 1608 loco
949 1540 1108 1609 Call.
1142 1541 1656 1606 controversiam
1700 1540 1992 1626 aliquam
2037 1540 2277 1606 diiudi-

161 1664 315 1709 care
360 1644 697 1711 studuisse
742 1645 903 1711 mihi
948 1645 1221 1724 videtur,
1269 1644 1338 1709 id
1369 1644 1567 1729 quod,
1616 1647 1739 1710 etsi
1768 1643 2036 1709 Homeri
2080 1644 2282 1710 inter·

159 1748 605 1830 pretationem
651 1769 783 1813 non
828 1752 1103 1832 spectat,
1162 1752 1379 1814 tamen
1425 1747 1533 1812 hic
1578 1746 1815 1813 afferre
1860 1747 2020 1812 mihi
2066 1747 2283 1813 liceat.

159 1851 288 1918 Est
328 1856 554 1917 autem
596 1852 783 1918 loeus
825 1852 939 1917 ille
985 1852 1372 1937 desperatus
1416 1851 1487 1915 in
1530 1849 1594 1915 h.

1069 2040 1182 2109 III.
1228 2048 1373 2109 213.

158 2159 277 2225 ubi
324 2160 603 2244 legimus
650 2160 733 2227 de
777 2160 1079 2245 nymphis
1122 2161 1405 2226 Dianae:

300 2258 419 2329 Λῖ
452 2269 723 2353 πρῶται
766 2263 909 2331 &od
947 2261 1108 2346 τόξα
1150 2263 1262 2331 καὶ
1307 2257 1478 2353 ἄμφ’
1527 2255 1774 2349 ι’όμοισι
1817 2261 2149 2354 φαρέτρας

295 2363 594 2448 ἶοδόκους
637 2363 964 2456 ἑφόρησαν
988 2389 1003 2404 ·
1029 2360 1390 2436 ἇσύλλωτοι
1440 2365 1516 2436 δέ
1561 2391 1675 2458 φιν
1720 2357 1892 2454 ὦμοι

291 2470 612 2561 ὅεξιτεροὶ
656 2471 769 2539 καὶ
812 2465 1050 2559 γυμνὸς
1093 2467 1198 2538 ἀεὶ
1245 2470 1688 2561 παρεφαίνετο
1730 2469 1960 2557 μαζός.

159 2593 347 2660 Libri
428 2592 675 2659 habent
756 2599 872 2658 aut
954 2588 1344 2674 ἀσύλλωτοι,
1442 2601 1560 2659 aut
1632 2586 1987 2671 ἆσύλωτοι,
2087 2613 2280 2675 quam

161 2698 567 2780 scripturam
616 2696 728 2779 qui
771 2699 1138 2776 servabant,
1188 2695 1576 2762 derivabant
1606 2719 1647 2763 a
1678 2717 1835 2762 voce
1866 2696 2071 2778 σῦλον,
2115 2716 2284 2780 quae

160 2797 501 2883 significat
565 2800 902 2884 praedam,
970 2801 1267 2886 spolium,
1337 2804 1535 2885 atque
1603 2800 1948 2867 vertebant
2001 2805 2118 2864 aut
2167 2820 2286 2882 per

158 2902 592 2984 inviolabiles,
648 2904 859 2968 illaesi
915 2910 1032 2969 aut
1086 2904 1251 2968 nudi
1264 2929 1288 2981 ,-
1356 2903 1472 2968 sed
1531 2903 1696 2970 illud
1743 2925 1872 2968 non
1917 2903 2285 2986 significare

158 3009 388 3089 potest
427 2998 761 3086 ἇσύλωτος
790 3006 1196 3088 vocabulum,
1244 3006 1422 3090 quod
1471 3011 1571 3072 est
1616 3007 1754 3072 sine
1802 3005 2081 3090 praeda;
2127 3004 2287 3070 nudi

161 3114 389 3173 autem
452 3108 995 3192 significationem
1049 3130 1196 3175 cum
1259 3111 1631 3194 nuperrime
1692 3110 1935 3194 Nigra
1991 3109 2032 3174 l.
2075 3108 2119 3177 l.
2178 3107 2285 3193 (cf.

158 3233 224 3295 p.
263 3216 372 3294 5¹7>
418 3213 737 3279 vocabulo
785 3206 1156 3294 ἀσύλλωτος
1186 3213 1551 3294 vindicavit,
1598 3234 1740 3280 cum
1774 3213 1972 3279 vertit
2000 3214 2055 3277 il
2081 3213 2285 3277 destro

158 3335 370 3380 omero
417 3316 603 3395 nude,
674 3319 809 3381 tum
858 3322 1069 3383 Anna
1134 3315 1374 3382 Fabri
1438 3322 1507 3381 et
1557 3316 2099 3400 Sp'anhemius,
2172 3316 2286 3398 qui

157 3417 659 3502 explicaverunt
701 3421 871 3505 quod
915 3422 1156 3485 exuviis
1198 3418 1495 3506 ferarum
1541 3421 1752 3486 dextri
1786 3431 2061 3485 veterum
2090 3441 2285 3483 vena-

158 3533 380 3585 torum
429 3523 858 3606 priscorumve
915 3523 1202 3589 Heroum
1247 3534 1359 3589 aut
1407 3521 1761 3589 Heroidwm
1808 3527 1999 3590 etiam
2043 3523 2289 3588 humeri

37 3680 40 3699 ,
157 3626 356 3710 vulqo
427 3636 823 3710 temerentur,-
886 3626 1000 3693 sed
1069 3647 1281 3711 neque
1343 3625 1669 3711 nymphae
1736 3647 1949 3711 neque
2016 3625 2286 3692 comites

39 3726 40 3731 ’
162 3728 427 3792 Dianae
487 3732 848 3796 venatrices
914 3728 1199 3814 pellibus
1269 3729 1555 3796 ferarum
1609 3730 1877 3796 indutae
1942 3727 2286 3812 fingendae

158 3836 336 3910 sunt,
394 3830 511 3897 sed
557 3832 742 3915 ipsae
789 3853 1050 3917 quoque
1095 3829 1163 3911 ἐς
1205 3828 1352 3919 γόνυ
1395 3831 1584 3921 μέχρι
1625 3838 1856 3916 χιτῶσι
1906 3827 2280 3915 ζωσάμεναι

309 4072 353 4140 ¹)
388 4071 468 4126 sic
503 4071 597 4126 lib.
635 4075 724 4124 ἐπὶ
758 4075 860 4125 τοῦ
893 4075 1140 4142 πρῶτον.

307 4158 348 4223 ⁸)
385 4157 454 4211 cf.
489 4157 657 4211 etiam
692 4156 1095 4230 Naegelsbach,
1133 4157 1307 4214 Hom.
1344 4157 1531 4213 Theol.
1570 4174 1623 4229 p.
1661 4158 1780 4213 106.
