2969 4832
992 361 1457 420 —105—

386 526 597 588 τοῖσιν
639 517 698 589 δ’
747 522 815 589 ἐν
856 523 1167 608 μέσσοισι
1214 521 1379 604 πάις
1422 522 1744 612 φόρμιγγι
1790 520 2047 612 λιγείῃ

393 620 644 711 ἱμερόεν
683 625 1008 712 κιθάριζε,
1055 624 1233 694 λίνον
1271 621 1329 693 δ’
1377 621 1533 694 ὑπὸ
1578 619 1773 693 καλὸν
1815 618 2076 693 ἷίειδεν

386 727 784 818 λεπταλέῃ
829 724 1178 819 φωνῇ·τοὶ
1227 729 1300 796 δὲ
1346 727 1691 821 ῥήσσοντες
1734 726 2035 818 ὁμαρτῇ

380 832 610 921 μολπῇ
649 826 708 897 τ’
756 827 963 921 ἰυγμῷ
1008 856 1079 898 τε
1123 831 1291 900 ποσὶ
1335 828 1710 920 σκαίροντες
1756 829 2017 899 ἕποντο.

175 934 416 1018 quibus
482 936 548 1011 in
614 934 911 1001 versibus
977 940 1185 1001 totum
1255 934 1392 1001 fere
1450 933 1957 1001 Callimacheum
2028 936 2276 1019 reperis

169 1034 505 1128 ὑπήεισαν
550 1036 625 1104 δὲ
667 1033 905 1124 λίγειαι
951 1036 1314 1104 λεπταλέον
1357 1035 1683 1126 σύριγγες,
1726 1043 2072 1122 praeterea
2116 1038 2277 1103 Call.

168 1140 240 1203 in
285 1161 474 1206 usum
521 1162 712 1206 suum
759 1140 1086 1207 convertit
1133 1137 1388 1230 ὁμαρτῇ
1434 1145 1529 1222 et,
1587 1140 1764 1224 quod
1810 1145 1886 1206 tu
1929 1162 2100 1206 nunc
2143 1141 2276 1206 iam

171 1244 634 1327 praesenseris,
681 1241 1041 1334 ῥήσσοντες.
1116 1242 1443 1325 Equidem
1484 1243 1686 1327 igitur
1730 1264 1851 1327 pro
1882 1249 2064 1310 certo
2107 1244 2277 1310 duco

176 1346 362 1412 illum
447 1347 790 1432 scripsisse
872 1345 981 1410 ἵνα
1065 1342 1471 1436 ῥήσσωσιν
1556 1341 1822 1435 ὁμαρτῇ.
1916 1344 2275 1437 πλήσσωσι

177 1456 398 1516 autem
444 1450 666 1534 glossa
708 1453 852 1515 erat
893 1447 1247 1531 adscripta,
1292 1469 1459 1532 quae
1494 1448 1578 1514 ob
1624 1449 1992 1515 litterarum
2036 1470 2276 1533 aequa·

171 1553 424 1619 litatem
473 1552 782 1619 facillime
843 1550 1074 1616 haberi
1137 1551 1353 1634 potuit
1419 1553 1774 1634 correctio,
1842 1552 2014 1619 sicut
2078 1552 2277 1618 etiam

172 1677 343 1720 nunc
387 1656 610 1721 videre
663 1673 1012 1739 possumus
1058 1653 1126 1718 in
1171 1653 1234 1720 h.
1275 1654 1388 1722 IV.
1437 1661 1563 1723 322
1610 1652 2005 1744 ῥησσόμενον
2050 1655 2278 1721 eodem

172 1760 367 1825 modo
451 1762 844 1843 usurpatum
919 1755 1321 1840 explicatum
1408 1778 1551 1822 esse
1624 1779 1665 1823 a
1736 1757 2089 1825 scholiasta
2159 1778 2278 1841 per

174 1859 654 1950 πλησσόμενον.
714 1859 1116 1927 Sententiam
1149 1865 1368 1925 autem
1399 1862 1452 1926 si
1482 1861 1780 1944 respicis,
1811 1860 1889 1927 cf.
1919 1860 1980 1929 h.
2009 1861 2120 1928 IV.
2152 1867 2276 1928 306

333 1961 412 2031 αἳ
451 1962 525 2031 δὲ
570 1962 733 2030 ποδὶ
784 1960 1162 2053 πλήσσουσι
1204 1958 1529 2049 χορίτιδες
1572 1956 1866 2051 ἀσφαλὲς
1909 1953 2120 2044 οὖδας.

181 2068 293 2135 Sin
326 2068 472 2153 quis
506 2066 806 2151 exempla
835 2064 1171 2132 desiderat
1211 2064 1577 2149 productae
1608 2066 1826 2132 brevis
1855 2067 2099 2133 vocalis
2129 2071 2280 2131 ante

177 2196 216 2257 ρ
260 2172 330 2235 in
374 2171 566 2251 thesi,
613 2192 691 2236 en
737 2168 966 2234 habet:
1028 2170 1078 2234 I.
1134 2176 1231 2248 16,
1283 2167 1396 2233 ΙΙΙ.
1442 2177 1544 2250 59,
1589 2176 1734 2251 200,
1786 2171 1897 2237 IV.
1949 2178 2089 2250 159,
2133 2176 2280 2251 206,

175 2275 252 2343 v.
301 2282 402 2354 77,
448 2295 549 2358 ep.
593 2280 697 2341 43.

346 2377 647 2461 Denique
690 2375 994 2442 conferas
1041 2376 1240 2441 etiam
1287 2375 1501 2460 Apoll.
1546 2375 1755 2443 Rhod.
1799 2375 1849 2442 Ι.
1896 2384 2021 2447 538
2063 2397 2159 2461 sq.

177 2478 656 2567 στησάμενοι
711 2477 1154 2569 φόρμιγγος
1212 2473 1381 2545 ὑπαὶ
1429 2479 1584 2568 περὶ
1626 2477 1856 2565 βωμὸν
1899 2476 2201 2569 ὁμαρτῇ
2225 2485 2276 2564 1)

175 2580 504 2667 ἐμμελέως
545 2586 932 2671 κραιπνοῖσι
979 2580 1183 2648 πέδον
1228 2579 1585 2673 ῥήσσωσι
1629 2581 2034 2650 πόδεσσιν.

180 2686 376 2752 Vides
426 2686 810 2752 Callimachi
857 2690 924 2750 et
967 2685 1298 2770 Apollonii
1343 2685 1523 2751 locos
1567 2707 1710 2751 esse
1755 2686 2140 2767 simillimos,
2183 2687 2280 2751 ita

179 2796 253 2855 ut
299 2790 522 2855 statim
572 2789 928 2874 suspiceris
973 2810 1201 2853 rursus
1247 2788 1429 2853 illum
1476 2791 1652 2854 hunc
1683 2791 2059 2871 correxisse,
2105 2788 2283 2874 quod

175 2893 435 2976 saepius
505 2892 753 2957 factum
823 2911 965 2957 csse
1031 2891 1162 2956 iam
1227 2892 1595 2979 vidimuS.²)
1698 2895 1841 2959 Iam
1895 2892 2281 2976 Apollonius

172 2995 440 3081 scripsit
486 2994 695 3062 πέδον
745 2992 1039 3087 ῥήσσωσι
1084 2993 1437 3079 πόδεσσιν,
1506 3017 1640 3080 qua
1683 2997 1753 3062 in
1797 2996 2165 3063 elocutione
2209 2996 2279 3061 ni

175 3099 370 3165 fallor
432 3098 594 3165 Call.
674 3120 821 3164 eum
892 3099 1250 3182 vituperat,
1331 3099 1509 3182 quod
1572 3099 1910 3167 addiderit
1974 3096 2278 3180 πόδεσσι,

177 3223 326 3269 cum
392 3223 617 3270 verum
672 3201 1086 3267 Homericum
1158 3205 1332 3267 esset
1395 3201 1696 3269 absolute
1758 3203 1954 3269 verbo
2021 3205 2285 3293 ῥήσσειν

178 3307 306 3388 uti3
372 3326 529 3371 nam
575 3306 672 3370 sic
717 3325 867 3371 eum
911 3305 1256 3390 scripsisse
1300 3307 1367 3370 in
1412 3310 1471 3372 Σ
1511 3314 1655 3387 571,
1697 3312 1896 3391 atque
1941 3309 2037 3374 sic
2084 3308 2281 3373 etiam

176 3408 306 3494 legi
350 3409 416 3474 in
463 3409 528 3478 h.
572 3409 641 3474 in
688 3407 902 3492 Apoll.
945 3407 1131 3493 Pyth.
1177 3416 1303 3477 338

1090 3508 1152 3579 οὶ
1197 3511 1272 3579 δὲ
1316 3509 1658 3603 ῥήσσοντες
1701 3510 1944 3581 ἕποντο

475 3619 733 3704 Κρῆτες
776 3607 946 3702 πρὸς
988 3614 1208 3682 Πυθὼ
1253 3614 1364 3683 καὶ
1406 3607 1740 3706 ἰηπαιήον’
1785 3606 2022 3683 ἷίειδον.

185 3718 301 3783 Sin
344 3722 568 3784 autem
612 3718 855 3785 addere
900 3718 1098 3784 vellet
1143 3716 1365 3801 πέδον,
1392 3709 1546 3784 'tum
1595 3719 1655 3785 ei
1686 3718 2033 3786 dicendum
2081 3720 2283 3785 fuisse

320 3980 360 4044 ¹)
398 3976 488 4031 De
525 3976 753 4049 ὁμαρτῇ,
790 3992 960 4047 quam
997 3976 1232 4031 formam
1267 3976 1522 4048 legerunt
1555 3982 1613 4032 et
1646 3974 1785 4031 Call.
1821 3980 1879 4030 et
1913 3976 2190 4047 Apollon.²
2224 3983 2281 4034 et

191 4060 422 4185 ἁμαρτῆ,
457 4078 601 4203 quse
635 4066 762 4204 &33
753 4061 1060 4118 Aristarchi
1094 4063 1383 4135 scriptura,
1416 4064 1487 4119 cf.
1523 4061 1740 4121 Scheer.
1777 4080 1831 4135 p.
1865 4063 1914 4118 7.

338 4153 357 4217 )
393 4150 461 4204 cf.
498 4165 533 4202 a
607 4166 661 4221 p.
765 4190 779 4205 .
