2969 4832
1510 282 1753 339 ss12
1847 314 1921 323 ....

668 444 1174 528 descriptionem
1219 446 1421 511 verba
1467 441 1545 510 αἳ
1569 443 1644 511 δὲ
1675 444 2002 514 πόδεσσιν
2046 437 2205 515 οὖλα
2243 449 2802 538 κατεκροτάλιζον

663 547 989 631 leguntur.
1101 549 1334 614 Nonne
1381 587 1462 597 —
1520 553 1595 613 ut
1647 541 2039 615 taceam'de
2102 550 2411 618 Scheerio
2465 555 2581 637 qui
2639 555 2681 621 l.
2735 555 2790 621 1.

667 639 826 717 οὖλα
856 652 925 716 in
957 652 1080 717 hoc
1109 673 1301 717 versu
1346 653 1828 736 interpretatur
1872 675 1990 736 per
2021 649 2303 744 ὀλέθρια
2331 694 2413 704 -
2447 656 2527 721 de
2562 657 2796 742 crispa

664 755 906 837 pedum
976 755 1389 839 argutatione
1445 757 1502 820 si
1556 756 2021 849 interpretaris
2076 757 2241 823 haec
2284 759 2509 840 verba,
2578 760 2794 826 mole-

665 857 949 923 stissimo
1001 859 1199 924 modo
1253 859 1529 924 turbant
1594 861 2065 925 sententiarum
2133 864 2492 927 conexum?
2566 886 2794 930 nonne

666 961 983 1043 optimum
1028 962 1240 1028 locum
1286 962 1547 1041 habent,
1596 962 1650 1026 si
1671 962 2010 1051 ⁴intellegis
2051 964 2330 1049 pedibus
2362 966 2789 1032 vehementer

665 1064 1092 1147 strepebant?
1191 1066 1458 1132 Accedit
1516 1065 1692 1149 quod
1739 1066 1871 1130 iam
1917 1067 2186 1132 verbum
2230 1065 2786 1155 κατακροταλίζω,

666 1154 843 1251 quod
891 1169 1031 1233 sine
1070 1168 1271 1233 dubio
1305 1173 1405 1234 est
1436 1189 1516 1233 ea
1547 1167 1776 1250 forma,
1824 1191 2017 1252 quam
2064 1191 2180 1235 nos
2227 1170 2445 1236 dicere
2492 1173 2786 1237 solemus

667 1272 1299 1356 onomatopoeticen,
1329 1271 1531 1338 habet
1564 1271 2109 1356 significationem
2142 1275 2487 1358 strepitum
2522 1275 2785 1357 edendi,

664 1374 749 1439 ad
806 1396 1004 1458 quam
1073 1374 1619 1458 significationem
1685 1376 1951 1442 minime
2018 1377 2380 1460 quadraret
2447 1379 2787 1444 sententia

664 1477 880 1560 crispi.
975 1478 1182 1542 Immo
1227 1479 1294 1541 in
1340 1466 1497 1545 οὖλα
1542 1478 1858 1544 vocabulo
1917 1480 2090 1545 inest
2136 1501 2352 1561 causa,
2406 1503 2522 1546 cur
2566 1479 2784 1569 φαρέ-

661 1603 814 1666 τραι
870 1577 1283 1668 ἑπεψόφεονς
1347 1603 1497 1646 nam
1553 1582 1722 1646 adeo
1779 1582 2196 1648 vehementer
2251 1569 2630 1668 pulsabant,
2700 1589 2785 1648 ut

663 1684 1016 1765 pharetrae
1046 1690 1375 1750 sonarent.
1461 1686 1762 1768 Denique
1793 1686 1955 1752 haec
1985 1688 2443 1772 interpretatio
2474 1686 2785 1752 firmatur

666 1786 933 1850 Homeri
981 1786 1218 1870 hymno
1267 1788 1348 1853 de
1396 1789 1573 1854 Pane
1620 1812 1672 1854 v.
1721 1797 1820 1857 20.

841 1880 958 1953 σὺν
1003 1887 1077 1956 δέ
1119 1911 1279 1978 σφιν
1321 1887 1470 1956 τότε
1516 1889 1791 1980 Νύμφαι
1834 1885 2215 1980 ὀρεστιάδες
2259 1890 2647 1980 λιγύμολποι

835 1996 1164 2079 φοιτῶσαι
1211 1988 1462 2059 πυκνὰ
1511 1995 1814 2062 ποσσὶν
1860 1994 1979 2062 ἐπὶ
2023 1994 2220 2121 κρήνῃ
2264 1995 2643 2085 μελανύδρῳ

834 2095 1320 2180 μέλπονται·
1348 2093 1632 2188 κορυφὴν
1662 2097 1738 2164 δὲ
1770 2097 2219 2183 περιστένει
2260 2091 2528 2182 οὔρεος
2569 2093 2736 2189 ἠχώ

659 2221 788 2281 quo
864 2200 1011 2266 loco
1088 2200 1419 2266 redditum
1508 2223 1650 2266 esse
1736 2201 2207 2268 Callimachum
2295 2201 2471 2267 haud
2548 2203 2781 2287 inepte

658 2303 1020 2386 conicias.1)

831 2407 1010 2486 Quae
1066 2430 1210 2474 cum
1257 2409 1353 2474 ita
1398 2430 1467 2474 se
1513 2408 1829 2486 habeant,
1890 2408 2085 2473 etiam
2135 2408 2202 2472 in
2247 2407 2391 2474 loco
2440 2408 2780 2475 simillimo

802 2668 842 2731 1)
881 2664 1217 2736 Scriptorem
1265 2664 1415 2721 enim
1450 2665 1647 2736 hymni
1682 2681 1801 2720 esse
1835 2681 1961 2720 eum
2001 2666 2098 2735 qui
2134 2666 2407 2733 imitetur,
2452 2681 2564 2719 non
2602 2665 2779 2721 Calli-

659 2749 921 2803 machum
972 2750 1122 2806 hisce
1156 2752 1226 2806 de
1261 2751 1443 2806 causis
1493 2751 1788 2805 verisimile
1822 2751 2057 2806 videtur.
2146 2752 2232 2805 Ac
2266 2752 2508 2822 primum
2544 2750 2773 2821 quidem

658 2852 726 2889 ea
759 2841 844 2890 est
879 2837 1077 2907 hymni
1111 2838 1373 2905 conditio,
1407 2854 1474 2892 ea
1497 2837 1787 2893 verborum
1827 2837 2087 2891 mollities
2123 2841 2180 2891 et
2212 2836 2474 2902 tenuitas,
2510 2841 2578 2891 ut
2602 2836 2777 2891 Alex-

659 2921 893 2975 andrina
941 2929 1123 2978 aetate
1172 2924 1418 2994 hymnus
1454 2941 1567 2978 non
1603 2923 1845 2995 scriptus
1880 2940 2000 2978 esse
2034 2940 2146 2977 non
2183 2923 2384 2994 possit:
2421 2923 2489 2979 cf.
2528 2938 2775 2994 praeser-

657 3006 761 3060 tim
796 3024 848 3064 v.
884 3009 952 3063 33
990 3008 1175 3067 πόθος
1207 3009 1396 3081 ὑγρός;
1457 3016 1580 3064 tum
1625 3026 1738 3080 qua
1784 3010 1999 3064 ratione
2051 3003 2400 3064 monstrosus
2446 3009 2567 3063 Pan
2613 3027 2663 3064 v.
2700 3011 2775 3064 36

660 3110 776 3164 sqq.
831 3094 985 3149 nasci
1038 3100 1299 3150 narratur
1351 3111 1476 3150 vere
1528 3096 1911 3150 Alexandrina
1964 3102 2063 3150 est.
2162 3096 2382 3150 Deinde
2414 3080 2770 3152 Theocritum

658 3180 842 3235 XVII
877 3181 944 3235 23
981 3188 1198 3252 χαίρων
1233 3181 1453 3235 υἱωνιόν
1487 3180 1789 3252 περιώσιον
1823 3181 2108 3235 υἱωνοῖσιν
2141 3181 2349 3235 imitari
2386 3181 2604 3236 videtur
2625 3199 2676 3236 v.
2700 3181 2770 3235 41

658 3272 856 3338 χαῖρεν
908 3264 967 3319 δὲ
1019 3267 1133 3335 νόῳ
1187 3267 1458 3340 περιώσια
1517 3265 1756 3338 δαίμων,
1808 3267 2120 3322 Mercurius
2166 3267 2316 3322 enim
2360 3267 2568 3338 gaudet
2612 3267 2774 3322 filio

659 3369 788 3420 suo;
827 3352 1237 3409 Callimachum
1272 3360 1461 3409 autem
1498 3355 1654 3420 novit
1688 3358 1914 3425 propter
1946 3353 2183 3408 formam
2210 3354 2463 3424 Ἑρμείης
2500 3371 2548 3408 v.
2574 3355 2660 3420 28,
2682 3354 2773 3420 36,

658 3440 746 3507 40,
782 3456 926 3511 quae
959 3445 1090 3496 ante
1125 3440 1535 3496 Callimachum
1572 3456 1685 3494 non
1722 3440 1951 3511 legitur,
2004 3429 2225 3509 quaque
2258 3438 2350 3493 hic
2385 3455 2521 3494 usus
2555 3445 2664 3505 est,
2700 3456 2773 3493 ne

661 3527 840 3597 magis
876 3526 1126 3584 divinum
1167 3527 1499 3593 Homerum,
1537 3526 1633 3598 qui
1668 3527 1846 3581 solam
1881 3525 2053 3580 habet
2086 3526 2323 3579 formam
2341 3517 2615 3596 “Ερμειάς,
2647 3525 2773 3579 imi-

659 3617 823 3680 tetur,
861 3629 1029 3683 quam
1066 3613 1149 3667 fas
1185 3614 1259 3668 sit
1295 3615 1382 3681 (cf.
1419 3614 1563 3667 infra
1598 3613 1671 3667 ad
1706 3612 1761 3667 h.
1797 3612 1911 3667 111.
1951 3612 2101 3678 143);
2139 3610 2378 3681 denique
2404 3628 2455 3664 v.
2488 3611 2572 3666 15.
2610 3608 2771 3682 ἄγρης

659 3698 895 3761 ἐξανιών
944 3699 1202 3754 imitatur
1246 3698 1615 3771 Apollonium
1661 3698 1946 3753 Rhodium
1991 3696 2105 3751 III.
2143 3697 2225 3752 69.
2281 3695 2456 3766 θήρης
2508 3695 2766 3764 ἐξανιών;

661 3788 932 3850 ἑξανιέναι
977 3790 1166 3841 autem
1216 3786 1445 3841 verbum
1501 3784 1836 3855 Apollonius
1889 3784 2054 3839 finxit
2098 3787 2154 3838 et
2199 3782 2510 3850 adamavit,
2568 3782 2767 3854 septies

659 3875 808 3931 enim
857 3873 1009 3945 apud
1044 3889 1175 3928 eum
1211 3872 1433 3944 legitur,
1487 3871 1624 3926 alibi
1676 3888 1984 3942 nusquam;
2040 3887 2173 3925 nam
2228 3868 2379 3941 apud
2414 3868 2765 3924 Theocritum

659 3961 843 4017 XXII
868 3963 903 4017 8
938 3964 1263 4031 corruptum
1298 3962 1398 4013 est.
1459 3958 1590 4013 Hoc
1622 3973 1802 4029 nuper
1823 3958 1884 4012 in
1908 3956 2228 4029 philologici
2262 3955 2545 4011 seminarii
2580 3955 2765 4026 dispu-

659 4047 869 4103 tatione
905 4047 1047 4101 duce
1079 4044 1336 4101 Kaibelio
1371 4044 1778 4100 extricavimus.
