2969 4832
1543 313 1966 378 ...34-

872 479 1240 547 Scholiasta
1270 481 1560 564 explicat
1587 474 1862 548 ἅλαστεε
1917 473 2063 573 ’ἤτοι
2095 472 2505 570 άνεπίληστα
2531 476 2800 566 ὑπομεί-

699 609 833 666 νας,
864 583 971 648 vix
999 589 1204 661 recte3
1236 604 1387 649 nam
1417 590 1580 669 puto
1605 584 2074 651 Callimachum
2108 583 2481 669 significare
2510 584 2800 667 voluisse,

702 688 842 771 qui
901 707 1053 753 nou
1115 686 1670 754 obliviscenda
1722 688 2017 769 fecisti,
2086 709 2232 753 cum
2293 687 2548 754 videres
2598 679 2800 755 Ἀθα-

701 785 891 870 ναίας
936 786 1197 882 στήθεα
1249 789 1361 856 καὶ
1417 787 1713 878 λαγόνας,
1781 794 1980 875 atque
2039 791 2211 857 hauc
2270 790 2802 876 significationem

705 895 763 959 ei
816 881 1272 979 suppeditasse
1324 915 1584 960 versum
1646 895 2064 962 Homericum
2133 900 2210 960 X
2248 902 2400 975 261,
2473 893 2570 959 ibi
2645 896 2802 961 enim

706 996 990 1063 Achilles
1035 998 1387 1063 Hectorem
1436 997 1728 1083 appellat

901 1095 1156 1190 (Ἕκτορ,
1201 1097 1299 1192 μή
1340 1124 1480 1185 μοι,
1529 1093 1797 1184 άλαστε,
1844 1098 2284 1188 συνημοσύνας
2326 1092 2603 1188 άγόρευε.

703 1202 784 1272 cf.
835 1204 1035 1270 schol.
1093 1206 1147 1269 B
1208 1210 1275 1270 et
1331 1205 1572 1272 Townl.
1631 1225 1689 1273 a.
1736 1204 1799 1273 h.
1841 1203 1882 1273 1.
1935 1195 2222 1271 ἅλαστόν
2284 1201 2449 1293 φησι
2512 1201 2628 1273 τὸν
2700 1197 2806 1272 ἆν-

702 1307 1030 1395 επίληστα
1083 1303 1250 1375 κακὰ
1303 1305 1666 1398 δεδρακότα
1719 1312 1786 1373 et
1841 1307 2142 1373 Eustath.
2195 1315 2378 1389 1268,
2425 1316 2505 1377 55
2553 1304 2677 1397 ὅρα
2722 1305 2804 1390 δέ,

701 1405 793 1491 ὦς
847 1405 1141 1500 ἠρκέσθη
1205 1415 1313 1478 νῦν
1381 1408 1729 1499 σωφρόνως
1782 1405 1818 1477 ὃ
1867 1406 2190 1493 Ἀχιλλεὺς
2254 1402 2537 1477 ἄλαστον
2602 1408 2807 1478 εἰπεῖν

700 1512 814 1580 τὸν
842 1509 1141 1604 εΈκτορα,
1187 1510 1276 1596 ὥς
1321 1509 1629 1604 ἇλάληθα
1673 1512 2078 1606 λυπήσαντα.

1430 1705 1540 1771 VI.
1589 1712 1689 1774 52.
1731 1699 2068 1790 βλοσυρός.

877 1823 1213 1914 Βλοσυρός
1256 1825 1475 1910 glossa
1524 1830 1624 1891 est
1670 1824 1881 1909 poetis
1939 1823 2229 1907 antiquis
2284 1822 2498 1888 solum
2554 1844 2637 1890 ex
2678 1824 2809 1889 Ho-

705 1948 883 1993 mero
933 1929 1348 2012 Hesiodoque
1393 1933 1571 1996 nota.
1659 1932 1870 2011 Atque
1924 1929 1992 1992 in
2035 1925 2244 1991 Iliade
2298 1925 2538 2011 legitur
2580 1934 2653 1993 H
2693 1935 2812 1996 212

702 2028 1014 2114 μειδιόων
1055 2031 1429 2119 βλοσυροῖσι
1488 2028 1899 2119 προσώπασι
1953 2030 2032 2094 de
2076 2030 2274 2096 Aiace
2319 2029 2567 2098 dictum
2612 2037 2813 2118 atque

711 2135 767 2201 Ο
799 2143 922 2203 608
952 2133 1047 2202 τιὸ
1080 2133 1155 2201 δέ
1184 2132 1246 2201 οἱ
1278 2136 1602 2220 (Hectori)
1632 2125 1793 2200 'o'ooc
1822 2131 2228 2222 λαμπέσθην
2269 2133 2658 2223 βλοσυρῇσιν
2699 2124 2811 2199 ὑπ’

702 2229 991 2325 ὀφρύσιν.
1080 2239 1436 2304 Praeterea
1479 2238 1806 2303 invenitur
1848 2237 2267 2325 βλοσυρῶπις
2309 2242 2389 2303 Λ
2435 2245 2515 2306 36

788 2347 868 2431 ‘cf
898 2334 1195 2426 (ἀσπίδι)
1232 2334 1289 2407 δ’
1338 2339 1455 2407 ἐπὶ
1498 2339 1620 2427 μὲν
1668 2337 1892 2441 Γοργώ
1933 2341 2360 2430 βλοσυρῶπις
2405 2334 2815 2430 ἐστεφάνωτο

789 2438 994 2512 δεινὸν
1037 2444 1402 2534 δερκομένη.

707 2548 959 2614 Deinde
1005 2554 1241 2633 quater
1283 2555 1671 2633 usurpatum
1718 2554 1821 2616 est
1863 2548 2252 2614 vocabulum
2304 2549 2372 2613 in
2418 2553 2605 2614 scuto
2651 2548 2818 2613 Her·

705 2651 899 2717 culis:
973 2657 1092 2718 147
1140 2652 1221 2718 de
1266 2652 1434 2718 facie
1484 2652 1820 2733 draconis,
1884 2660 2001 2721 175
2050 2652 2133 2719 de
2175 2651 2501 2732 leonibus,
2564 2657 2681 2720 191
2737 2651 2820 2717 de

702 2754 942 2837 Marte,
1014 2763 1142 2823 250
1188 2755 1270 2821 de
1317 2751 1628 2847 Κήρεσιν.
1719 2755 1857 2820 Iam
1918 2756 2000 2822 de
2055 2757 2318 2822 notione
2384 2754 2576 2821 huius
2635 2755 2821 2821 vocis

705 2856 999 2923 diversae
1068 2860 1433 2925 sententiae
1498 2879 1538 2922 a
1600 2857 1930 2924 veteribus
1997 2859 2446 2944 grammaticis
2518 2858 2821 2942 prolatae

706 2966 882 3029 sunt:
954 2961 1032 3026 cf.
1081 2962 1290 3046 Etym.
1335 2961 1552 3046 Magn.
1602 2965 1745 3043 201,
1795 2970 1851 3030 6.
1895 2960 2442 3050 καταπληττικός,
2511 2957 2820 3050 φοβερός,

703 3061 961 3144 δεινός·
992 3057 1179 3154 παρὰ
1251 3058 1331 3131 τὸ
1407 3069 1710 3187 σοβαρῶς
1773 3064 1885 3131 καὶ
1952 3063 2343 3155 ἕπηρμένως
2413 3062 2711 3131 λεύσσειν
2778 3055 2824 3155 ἢ

700 3162 1099 3253 βλέπειν,οἳ
1124 3167 1197 3235 δὲ
1227 3161 1587 3257 λαμπρὸς3
1568 3161 1606 3259 ἡ
1636 3166 1961 3252 χαλεπός·
1987 3161 2176 3236 άλλοι
2209 3164 2477 3254 σεμνός,·
2505 3167 2822 3234 Eustath.

703 3279 845 3354 677,
892 3279 933 3338 4
963 3270 1039 3338 τὸ
1070 3269 1145 3338 δὲ
1186 3266 1506 3359 βλοσυρὸν
1538 3271 1720 3358 δηλοῖ
1756 3269 1882 3356 μὲν
1928 3268 2266 3360 δεινότητα
2309 3268 2705 3361 προσώπου,
2753 3268 2829 3353 ἐξ

702 3360 772 3441 οἶ
820 3400 932 3440 και
973 3372 1400 3464 βλοσυρωπός
1430 3425 1618 3442 .....
1653 3425 1669 3441 .
1718 3398 1777 3442 οι
1824 3372 1900 3441 δὲ
1943 3373 2227 3442 παλαιοὶ
2278 3371 2598 3462 βλοσυρόν
2642 3395 2826 3463 φασι

702 3503 812 3545 και
841 3475 919 3546 τὸ
963 3475 1220 3562 σεμνόν,
1269 3472 1432 3565 παρ’
1483 3468 1582 3558 οἷς
1626 3476 1738 3544 καὶ
1781 3483 2015 3570 χρῆσις
2044 3474 2496 3565 Νικοστράτου
2538 3474 2826 3566 φέρεται

704 3576 906 3670 αὕτη·
931 3578 1007 3673 νὴ
1038 3578 1157 3672 τὴν
1195 3573 1611 3669 Ἀφροδίτην,
1658 3569 1710 3646 ὦ
1741 3579 1907 3669 ξένη,
1954 3578 2277 3670 βλοσυράν
2317 3603 2390 3667 γε
2433 3577 2554 3671 τὴν
2597 3575 2830 3672 ψυχὴν

702 3679 898 3766 ἔχεις,
952 3685 1162 3750 Suid.:
1208 3678 1668 3769 ἀξιωματικός,
1711 3681 2257 3773 καταπληκτικός,
2301 3681 2601 3771 φοβερός,
2649 3705 2826 3770 σεμ-

698 3785 826 3867 νός.
897 3786 979 3852 cf.
1013 3791 1210 3854 etiam
1241 3789 1343 3856 Et.
1380 3787 1549 3854 Gud.
1589 3794 1729 3870 110,
1763 3795 1865 3870 29,
1912 3787 2124 3872 Apoll.
2159 3786 2355 3871 Soph.
2390 3794 2491 3869 51,
2523 3795 2625 3866 27,
2657 3787 2826 3855 Hes.
2942 3764 2943 3823 l

873 3891 1012 3956 Iam
1058 3912 1209 3957 vero
1256 3890 1419 3959 Call.
1469 3891 1669 3957 semel
1715 3890 1837 3956 hac
1881 3911 2040 3957 voce
2083 3911 2241 3955 usus
2288 3895 2388 3956 est
2443 3889 2505 3954 h.
2552 3889 2661 3955 VI.
2718 3899 2828 3961 52.

903 3990 1024 4060 τάν
1069 3986 1127 4060 δ’
1175 3987 1275 4083 ἄρ’
1321 3989 1719 4081 ὑποβλέψας
1757 3990 2211 4083 χαλεπώτερον
2255 3985 2334 4084 ἢέ
2376 3988 2644 4080 κυναγὸν

896 4089 1130 4186 ὄρεσιν
1175 4095 1242 4165 ἐν
1289 4094 1573 4186 Τμαρίοι
1581 4117 1684 4164 σιν
1726 4091 2095 4184 ὑποβλέπει
2140 4088 2345 4186 ἄνδρα
2389 4094 2614 4163 λέαινα
