2969 4832
1150 1228 1353 1283 Πολλοὶ
1389 1228 1449 1283 δὲ
1483 1236 1578 1283 καὶ
1620 1229 1777 1283 ἄλλοι
1821 1228 2180 1302 γεγράφασιν,
2228 1233 2281 1284 οἱ
2314 1236 2416 1301 μὲν

1152 1317 1401 1388 ἄντικρυς
1435 1315 1859 1387 ἐγκωμιάζοντες
1891 1315 1996 1369 τὸν
2027 1316 2264 1385 ποιητὴν
2296 1314 2412 1387 ἅμα

1146 1409 1239 1454 καὶ
1275 1400 1565 1469 δηλοῦντες
1598 1405 1718 1454 ἔνια
1765 1406 1886 1455 τῶν
1916 1400 2010 1454 ὑπ’
2048 1399 2219 1457 αὐτοῦ
2261 1401 2411 1475 λεγο-

1140 1492 1349 1557 μένων,
1409 1486 1468 1541 οἱ
1500 1485 1561 1540 δὲ
1596 1485 1734 1540 αὐτὸ
1787 1489 1953 1541 τοῦτο
2004 1488 2109 1556 τὴν
2153 1486 2413 1543 διάνοιαν

1144 1573 1522 1644 ἐξηγούμενοι,
1578 1571 1645 1626 οὐ
1689 1572 1867 1642 μόνον
1906 1572 2266 1647 Ἀρίσταρχος
2318 1580 2413 1628 καὶ

1147 1658 1363 1731 Κράτης
1401 1664 1494 1712 καὶ
1539 1661 1716 1731 ἕτεροι
1760 1659 1976 1718 πλείους
2018 1660 2137 1713 τῶν
2180 1659 2412 1733 ὕστερον

1138 1748 1538 1819 γραμματικῶν
1592 1743 1939 1815 κληθέντων,
2016 1745 2293 1818 πρότερον
2351 1744 2411 1800 δὲ

1143 1833 1419 1904 κριτικῶν.

1707 1899 1818 1954 Dio
1852 1899 2137 1971 chrysost.
2173 1900 2337 1957 LIII.

474 2057 933 2122 Fridericus
964 2058 1367 2140 Augustus
1401 2054 1768 2136 Wolfius,
1812 2056 2236 2140 antiquitatis
2269 2061 2405 2121 stu-

297 2159 555 2224 diorum
612 2159 839 2244 qualia
891 2181 1063 2224 nunc
1119 2158 1395 2224 colimus
1464 2164 1699 2224 auctor
1757 2159 2137 2242 primarius,
2204 2160 2404 2225 etiam

294 2261 491 2326 huius
538 2263 834 2346 opusculi
880 2263 1162 2346 primum
1206 2261 1425 2327 locum
1472 2261 1776 2326 obtineat
1820 2261 2263 2346 dignissimus
2337 2263 2402 2328 Is

296 2365 467 2430 enim
513 2366 579 2431 in
625 2366 795 2434 libro
849 2365 964 2432 illo
1019 2365 1446 2431 celeberrimo
1503 2366 1615 2448 qui
1668 2364 2053 2431 inscribitur
2093 2365 2401 2450 Prolego-

292 2489 485 2533 mena
527 2470 611 2534 ad
641 2471 998 2536 Homerum
1029 2468 1446 2535 vehementer
1489 2487 1742 2551 suoque
1784 2469 1928 2533 iure
1960 2472 2404 2552 conqueritur,

292 2572 470 2655 quod
519 2572 600 2638 de
647 2572 933 2638 assiduis
979 2572 1399 2656 antiquorum
1446 2570 2023 2654 grammaticorum
2054 2572 2292 2637 studiis
2333 2573 2400 2637 in

291 2674 578 2740 Homero
625 2675 965 2741 collocatis
1008 2680 1147 2740 tam
1190 2695 1405 2759 pauca
1447 2673 1807 2739 habeamus
1854 2680 2217 2759 comperta:
2273 2678 2401 2741 Ac—

290 2780 465 2858 cidit,
512 2781 606 2845 ait
648 2801 710 2864 p.
750 2785 890 2859 198,
935 2786 1010 2842 ut
1053 2800 1128 2843 ne
1177 2780 1250 2843 de
1290 2780 1624 2862 primariis
1668 2779 1917 2861 quidem
1959 2780 2210 2843 Criticis
2252 2781 2401 2860 illis,

291 2902 332 2943 a
380 2901 650 2964 quorum
695 2889 1076 2949 auctoritate
1114 2885 1402 2966 primum
1446 2883 1544 2945 hic
1590 2889 1805 2945 temtus
1848 2888 2060 2945 noster
2100 2885 2401 2963 manavit,

291 2992 535 3047 tantum
595 2988 770 3050 nobis
829 2990 1133 3071 supersit,
1201 2992 1506 3069 quantum
1562 2986 1647 3048 ad
1704 2986 2122 3069 coquoscenda
2181 3006 2401 3049 eorum

288 3089 540 3171 inqenia
587 3097 646 3152 et
691 3092 1064 3154 emendandi
1108 3097 1307 3153 artem
1352 3090 1645 3172 sufficiat.

462 3190 588 3256 Sed
659 3213 854 3275 quam
911 3193 1079 3257 viam
1138 3190 1412 3257 Wolfius
1467 3189 1567 3254 vir
1632 3211 1920 3256 summus
1987 3190 2236 3275 primus
2302 3192 2397 3255 in-

288 3313 552 3376 gressus
599 3299 725 3374 est,
793 3315 923 3378 quo
969 3296 1205 3361 melius
1252 3315 1450 3379 quam
1500 3313 1767 3378 operam
1827 3294 2241 3377 grammatici
2285 3316 2397 3359 an—

286 3396 459 3479 tiqui
504 3397 571 3461 in
618 3398 904 3464 Homero
962 3398 1353 3484 explicando
1411 3397 1905 3463 collocavissent
1955 3403 2397 3483 cognosceret,

286 3503 438 3581 post
467 3498 647 3573 illum
684 3500 981 3585 plerique
1014 3503 1136 3566 viri
1169 3502 1348 3567 docti
1393 3500 1703 3582 inierunt,
1749 3520 2029 3584 quorum
2068 3501 2398 3566 industria

283 3602 527 3668 factum
578 3608 695 3684 est,
741 3610 814 3670 ut
858 3604 960 3670 his
1005 3604 1237 3671 diebus
1281 3604 1491 3669 multa
1518 3604 1649 3669 iam
1682 3605 1924 3670 clarius
1973 3604 2394 3689 dispiciamus

287 3727 486 3789 quam
544 3706 818 3772 Wolfius
877 3709 1114 3792 potuit.
1204 3707 1308 3774 Sic
1366 3708 1730 3774 Aristarchi
1784 3728 2084 3773 curarum
2141 3706 2395 3772 fructus

285 3809 667 3892 Lehrsii1)
729 3811 1073 3895 diligentia
1138 3811 1302 3876 satis
1358 3811 1541 3877 clara
1602 3812 1669 3875 in
1736 3810 1882 3877 luce
1948 3816 2103 3877 ante
2170 3810 2393 3876 oculos

426 4038 474 4099 ¹)
509 4033 632 4100 „De
665 4033 974 4089 Aristarchi
1009 4029 1211 4088 studiis
1246 4033 1596 4090 Homericis“
1633 4033 1857 4106 scripsit
1892 4034 1965 4090 K.
2000 4033 2191 4089 Lehrs.
2263 4033 2394 4108 Lip-

284 4118 401 4174 siae
435 4120 588 4175 1886.
