2969 4832
1538 333 1957 395 ...23-

861 498 1175 564 Videmus
1244 500 1416 564 euim
1487 499 2035 581 significationem
2094 500 2431 592 ‘Homerici
2497 499 2787 565 vocabuli

688 601 1025 686 πρυλέες
1096 603 1163 667 in
1240 602 1689 667 controversia
1760 600 1979 670 fuisse.
2093 604 2308 687 Atque
2377 602 2788 669 Aristarchus

686 705 950 788 quidem
1006 704 1113 791 (cf.
1173 704 1378 770 Lehrs
1430 709 1456 749 ³
1514 726 1577 788 p.
1639 705 1788 788 117)
1848 704 2321 789 interpretatus
2383 710 2486 771 est
2542 706 2789 790 pedites

687 814 888 891 atque
935 828 1046 873 eos
1081 809 1304 891 -gravis
1350 811 1754 884 armaturae,
1825 812 1899 872 ut
1945 809 2230 891 oppositi
2278 814 2498 874 essent
2543 810 2638 874 eis
2687 808 2789 892 qui

691 916 807 976 aut
850 933 1045 977 curru
1087 918 1211 975 'aut
1253 910 1504 976 levibus
1551 910 1750 974 armis
1794 915 2166 993 uterentur3
2235 911 2316 980 cf.
2364 911 2567 977 schol.
2615 913 2667 976 A
2714 911 2790 975 ad

687 1019 745 1080 E
788 1023 910 1082 744
961 1005 1302 1101 πρυλέεσσ’
1340 1034 1355 1049 ·
1393 1012 1622 1093 πεζοῖς
1667 1006 2010 1094 ὁπλίταις;
2074 1013 2231 1083 ibid.
2303 1010 2406 1082 ὅτι
2475 1014 2670 1096 πεζοὶ
2735 1009 2790 1080 οἱ

690 1115 969 1206 πρυλέες
1012 1113 1192 1183 ὅπλα
1260 1111 1545 1199 ἐῇεοντεςς
1612 1115 1812 1180 schol.
1860 1118 1909 1180 A
1959 1117 2045 1181 ad
2092 1121 2170 1181 A
2221 1126 2304 1186 49
2354 1113 2458 1184 ὅτι
2502 1121 2794 1206 φανερῶς

688 1217 964 1309 πρυλέες
1009 1216 1072 1287 οὶ
1115 1216 1355 1301 πεζοί·
1381 1213 1878 1286 ἆντιὸιέσταλκε
1921 1210 2043 1307 γὰρ
2085 1221 2242 1300 τοὺς
2287 1217 2546 1300 ἱππεῖς,
2595 1219 2793 1286 schol.

687 1328 741 1388 Α
787 1323 873 1387 ad
931 1329 1018 1389 M
1061 1330 1160 1391 77.
1228 1316 1333 1388 ὅτι
1391 1327 1627 1408 σαφῶς
1676 1319 1827 1400 τοὺς
1881 1320 2121 1403 πεζους
2176 1318 2460 1403 ὁπλίτας
2515 1320 2795 1410 πρυλέας

688 1426 769 1490 al.
858 1426 1152 1492 Aliorum
1222 1432 1441 1491 autem
1511 1425 1903 1489 sententiam
1972 1427 2334 1510 reperimus
2402 1427 2581 1511 apud
2651 1428 2795 1492 HeS.

687 1549 735 1594 8.
779 1550 833 1592 v,
884 1529 1189 1616 πρυλεῖς·
1217 1524 1279 1594 οἱ
1321 1526 1444 1612 μὲν
1491 1524 1778 1605 πολλους
1819 1523 2051 1607 λαούς·
2078 1553 2139 1594 οι
2186 1528 2261 1594 δὲ
2305 1528 2708 1618 προμάχους,
2756 1521 2797 1619 ἢ

701 1623 940 1711 πεζοὺς
997 1626 1281 1711 ὁπλίτας
1341 1623 1447 1721 (ἢ)
1509 1622 1827 1718 αθρόουςς
1893 1630 2092 1696 schol.
2153 1631 2388 1699 Townl.
2447 1633 2532 1697 ad
2578 1637 2638 1698 E
2679 1639 2796 1700 744

693 1731 964 1818 πρυλέες
1031 1733 1106 1799 δὲ
1175 1729 1449 1801 ὁπλῖται
1508 1725 1546 1824 ἢ
1602 1730 1945 1821 πρόμαχοι
2006 1759 2045 1825 η
2102 1725 2366 1822 αθρόοι.
2463 1734 2599 1799 Iam
2652 1754 2798 1801 vero

688 1837 964 1919 legimus
1024 1838 1198 1922 apud
1256 1836 1676 1902 Eustathium
1732 1858 1793 1919 p.
1841 1845 1984 1918 601,
2030 1845 2069 1905 2
2113 1866 2201 1893 =
2257 1837 2456 1902 schol.
2536 1838 2650 1902 AB
2720 1836 2801 1902 ad

690 1942 739 2003 E
781 1947 904 2007 744
953 1939 1061 2021 (cf.
1094 1940 1292 2006 schol.
1342 1941 1392 2004 L
1433 1961 1491 2003 a.
1522 1939 1583 2006 h.
1616 1938 1714 2019 l.):
1754 1933 2045 2006 Εὐθεῖαν
2089 1938 2164 2005 δέ
2205 1934 2378 2027 φασί
2418 1963 2590 2020 τινες
2611 1944 2663 2024 1)
2692 1945 2802 2006 τοῦ

690 2042 1046 2128 πρυλέεσσι
1079 2039 1334 2130 πρύλις,
1382 2041 1716 2129 γινομένην
1746 2040 1817 2108 ἐκ
1847 2048 1960 2109 τοῦ
1992 2047 2177 2131 περῶ
2210 2040 2429 2130 περύω
2459 2036 2539 2110 τὸ
2579 2038 2799 2124 ὁδεύω,

690 2143 975 2233 περύσω,
1025 2144 1294 2231 πέρυλις
1337 2143 1448 2210 καὶ
1498 2142 1748 2230 πρύλις,
1783 2140 1886 2225 (ὗς
1919 2146 2196 2229 δαμάσω
2244 2145 2558 2230 δάμαλις,·
2602 2152 2804 2229 atque

692 2248 1058 2332 Hesychius
1106 2248 1391 2332 explicat
1437 2245 1712 2334 πρύλιν·
1744 2245 2089 2337 πυρρίχην,
2139 2241 2179 2339 ἢ
2224 2243 2578 2336 ὁπλίτην.
2666 2249 2804 2314 Iam

689 2372 904 2418 nonne
936 2352 1473 2416 verisimillimum
1509 2358 1609 2416 est
1642 2351 2110 2418 Callimachum
2142 2372 2296 2418 voce
2330 2349 2567 2440 πρύλιν
2607 2353 2804 2437 signi-

689 2457 891 2522 ficare
960 2456 1375 2522 Homericum
1454 2451 1731 2541 πρυλέες
1796 2460 1863 2519 et
1927 2455 2059 2519 iam
2129 2462 2283 2520 ante
2351 2456 2806 2521 Aristarchum

690 2560 1199 2643 interpretatum
1253 2578 1397 2624 esse
1455 2578 1577 2641 per
1623 2552 1948 2637 ὁπλίταςὲ
2013 2562 2227 2643 Atque
2272 2557 2353 2623 cf.
2404 2559 2600 2623 etiam
2646 2559 2708 2628 h.
2756 2559 2805 2627 Ι.

694 2671 773 2730 52
821 2683 967 2745 sqq.

907 2755 1063 2831 οὖλα
1109 2764 1183 2831 δὲ
1229 2760 1570 2854 Κουρῆτές
1615 2782 1691 2828 σε
1737 2761 1894 2850 περὶ
1937 2760 2174 2850 πρύλιν
2218 2755 2593 2854 ὠρχήσαντο

902 2865 1128 2951 τεύχεα
1174 2865 1641 2958 πεπλήγοντες,
1689 2867 1795 2932 ἵνα
1842 2864 2094 2956 Κρόνος
2138 2859 2363 2933 οὔασιν
2406 2860 2571 2959 ἠχὴν

907 2964 1198 3050 ἀσπίδος
1239 2965 1482 3036 εἶσαΐοι
1527 2968 1641 3036 καὶ
1684 2967 1780 3059 μή
1825 2992 1936 3036 σεο
1978 2968 2398 3060 κουρίζοντος.

693 3073 944 3164 Πρύλιν
997 3075 1230 3158 igitur,
1297 3094 1465 3157 quae
1521 3078 1624 3138 est
1678 3072 1948 3137 saltatio
2004 3072 2329 3162 πρυλέων,
2399 3072 2505 3138 hic
2562 3073 2813 3138 saltant

694 3179 967 3244 Curetes
1035 3178 1233 3243 armis
1299 3177 1662 3262 clipeisque
1729 3177 1999 3255 armati,
2062 3197 2194 3260 qua
2256 3198 2336 3241 ex
2382 3196 2451 3240 re
2511 3175 2810 3242 videmus

696 3281 1162 3347 Callimachum
1209 3278 1500 3368 πρυλέας
1542 3277 1946 3345 intellexisse
1977 3275 2277 3358 ὁπλίτας.
2298 3282 2348 3362 2)
2424 3279 2562 3343 Iam
2593 3300 2811 3364 neque

692 3384 1089 3450 Schneidero
1136 3383 1578 3468 adstipuleri8‚
1628 3384 1738 3468 qui
1788 3383 1950 3448 dicit
1992 3404 2051 3466 p.
2085 3388 2209 3451 247
2258 3403 2306 3447 s·
2342 3382 2415 3448 f.:
2467 3385 2812 3447 Praeterea

835 3613 881 3675 1)
917 3608 1250 3662 Eustathius
1283 3606 1403 3678 ipse
1438 3605 1608 3661 aliam
1645 3604 2043 3660 derivationem
2079 3603 2290 3675 profert
2322 3620 2377 3675 p.
2417 3604 2571 3672 1030,
2609 3605 2692 3660 16.

831 3698 878 3762 2)
914 3694 971 3748 N
973 3709 1154 3748 onnus
1208 3697 1397 3748 autem
1445 3692 1598 3753 hunc
1644 3690 1833 3746 locum
1877 3689 2136 3745 imitatus
2181 3692 2266 3744 est
2311 3687 2475 3746 Dion.
2514 3690 2687 3760 XIV,
2742 3693 2813 3748 27

692 3783 951 3852 (γηγενέες
987 3779 1353 3854 Κορύβαντες)

967 3867 1024 3919 οἳ
1054 3872 1254 3941 βρέφος
1290 3862 1691 3939 ἅρτιλόχευτον
1723 3859 1991 3929 ἀεξιτόκῳ
2025 3860 2178 3933 παρὰ
2217 3864 2388 3935 πέτρῃ

971 3955 1127 4023 Ζῆνα
1163 3955 1755 4024 φερεσσακέεσσιν
1791 3948 2168 4019 ἐμιτρώσαντο
2197 3951 2531 4022 χορείαις,

966 4043 1157 4109 κῶμον
1193 4035 1598 4111 ἀνακρούοντες
1634 4033 1941 4110 ὅρίκτυπον
1975 4034 2288 4108 ἦπεροπῆα,

967 4124 1099 4196 ἠέρα
1134 4123 1513 4193 βακχεύοντες.
