2969 4832
1483 272 1862 329 ..3-

622 443 724 502 est
790 434 961 500 hanc
1030 456 1168 500 rem
1238 456 1466 500 rursus
1535 440 1840 502 tractare.
1933 437 2114 515 Quae
2175 440 2396 501 autem
2442 440 2622 500 recte
2669 457 2741 501 se

623 538 875 604 habent
916 537 1097 623 apud
1145 538 1524 604 Scheerium
1570 560 1697 604 non
1744 540 2035 622 repetivi,
2081 540 2243 604 satis
2286 539 2491 604 habui
2536 540 2743 604 corri-

624 663 777 726 gere
825 662 995 725 quae
1040 640 1211 707 falso
1256 642 1415 707 mihi
1460 642 1639 708 dicta
1685 664 1826 708 esse
1872 642 2281 710 videbantur.

798 745 1012 812 Unum
1046 744 1262 810 dicam
1294 744 1375 810 de
1399 745 1851 812 Homericis
1890 744 2212 829 hymnis.
2267 745 2738 811 Callimachum

624 849 795 914 enim
840 848 962 913 hos
1019 848 1291 931 hymnos
1339 848 1610 914 Homeri
1667 854 1941 932 putasse
2008 849 2166 915 mihi
2230 868 2361 913 non
2422 855 2524 913 est
2589 870 2740 932 per-

624 972 921 1033 suasum,
989 950 1107 1016 sed
1162 970 1357 1034 saepe
1404 972 1517 1016 eos
1574 951 1900 1016 imitatum
1955 973 2097 1018 esse
2150 952 2363 1036 primo
2418 951 2739 1035 adspectu

625 1054 915 1121 dilucide
968 1060 1273 1139 apparet3
1341 1055 1568 1138 itaque
1620 1075 1836 1119 meum
1907 1076 2049 1121 esse
2115 1055 2336 1140 putavi
2391 1056 2589 1120 etiam
2651 1055 2737 1119 ad

624 1158 796 1223 hanc
850 1178 988 1223 rem
1041 1158 1331 1222 animum
1385 1157 1749 1223 attendere.
1846 1156 1975 1223 Sed
2028 1159 2153 1224 hoc
2220 1158 2571 1223 tenendum
2639 1167 2743 1223 est

626 1260 890 1326 minime
935 1281 1038 1325 me
1086 1259 1631 1325 studere‘omnes
1685 1260 2086 1327 imitationes
2141 1282 2552 1341 enumerare,
2621 1261 2740 1326 sed

624 1363 745 1427 has
790 1362 1001 1428 solum
1046 1362 1263 1444 attuli,
1312 1384 1347 1428 e
1393 1362 1629 1447 quibus
1674 1362 1756 1427 de
1789 1362 2173 1429 Callimachi
2218 1364 2546 1429 sententia
2586 1384 2740 1429 con-

630 1466 913 1550 silioque
945 1466 1193 1550 aliquid
1228 1466 1395 1531 disci
1425 1466 1649 1551 possit.
1711 1464 1946 1531 Omnia
1973 1487 2076 1531 me
2108 1466 2230 1533 hac
2258 1468 2325 1532 in
2357 1468 2741 1550 quaestione

627 1569 970 1650 invenisse,
1016 1590 1185 1654 quae
1230 1567 1506 1634 inveniri
1552 1569 1825 1652 possint,
1893 1569 2287 1635 contendere
2333 1591 2462 1634 non
2507 1569 2738 1634 audeo.

629 1672 833 1755 Spero
877 1677 1096 1737 autem
1141 1673 1244 1737 his
1285 1671 1854 1738 observationibus
1901 1671 2381 1756 aliquantulum
2426 1672 2739 1738 utilitatis

628 1773 983 1840 allaturum
1040 1798 1142 1841 me
1198 1797 1340 1842 esse
1393 1774 1626 1841 studiis
1681 1795 1812 1840 non
1866 1775 2060 1841 modo
2107 1775 2563 1844 Callimacheis
2620 1775 2738 1840 sed

628 1877 827 1943 etiam
874 1878 1252 1946 Homericis.

801 2135 999 2200 Modo
1047 2136 1182 2201 dixi
1236 2158 1365 2201 non
1417 2136 1488 2200 id
1544 2159 1646 2202 me
1701 2136 1888 2219 sequi
1934 2141 2027 2209 ut,
2094 2135 2494 2218 ubicumque
2541 2136 2740 2200 Calli·

632 2238 934 2305 maehum
965 2239 1332 2304 imitatum·
1361 2260 1504 2305 esse
1551 2239 1906 2304 Homerum
1950 2237 2315 2318 videamus,
2382 2239 2501 2303 hos
2558 2240 2743 2305 locos

631 2340 902 2408 afferam
951 2347 1247 2421 cunctos3
1292 2342 1676 2428 saepissime
1707 2347 1925 2407 autem
1959 2341 2218 2424 accidit,
2264 2348 2339 2406 ut
2369 2364 2498 2408 non
2531 2343 2740 2408 solum

632 2447 924 2512 imitetur
999 2446 1115 2512 sed
1192 2445 1394 2512 etiam
1467 2446 1835 2517 imitando
1909 2447 2473 2536 interpretetur
2545 2455 2746 2532 poeta

634 2549 883 2630 doctuS,
930 2550 1132 2634 idque
1178 2548 1521 2615 observavi
1567 2548 1812 2615 factum
1859 2570 2002 2616 esse
2046 2549 2225 2616 hisce
2272 2550 2462 2617 locis:

1466 2738 1518 2804 Ι.
1568 2745 1668 2805 52.
1716 2726 1914 2818 οὖλος.

805 2858 1214 2923 Vocabulum
1248 2846 1440 2939 oistog·
1460 2858 1704 2941 septies
1735 2858 2014 2941 legimus
2046 2859 2224 2942 apud
2261 2859 2746 2941 Callimachum,

637 2982 803 3046 quos
849 2962 1022 3027 inter
1064 2962 1245 3028 locos
1292 2983 1460 3026 unus
1493 2966 1614 3042 est,
1660 2961 1776 3026 ubi
1806 2961 1920 3027 ille
1949 2960 2073 3026 hac
2102 2984 2257 3027 voce
2289 2962 2484 3046 plane
2516 2962 2747 3027 eodem

637 3065 831 3130 modo
877 3065 1089 3130 utitur
1136 3085 1266 3149 quo
1311 3064 1687 3143 Homerus„
1736 3064 1884 3129 dico
1931 3064 2119 3149 frgm.
2168 3073 2290 3133 507
2338 3064 2516 3148 quod
2560 3065 2751 3130 nobis

638 3167 919 3233 servavit
973 3168 1175 3235 schol.
1230 3168 1302 3232 Β.
1348 3167 1434 3233 ad
1479 3167 1666 3231 Hom.
1728 3173 1790 3232 Φ
1845 3175 1995 3236 536:
2065 3158 2250 3248 οὖλος
2314 3167 2426 3234 καὶ
2493 3166 2747 3234 Καλλί-

635 3266 843 3354 μαχός
872 3294 1071 3359 φησιν
1099 3262 1333 3353 ,,οἰ’·λου
1359 3273 1568 3361 μῆτερ
1587 3261 1893 3358 ’Ἀρηος“,
1942 3263 2090 3362 ἤτοι
2121 3275 2232 3337 τοῦ
2261 3264 2747 3355 ὂλοθρευτικοῢ.

641 3373 973 3457 Spectavit
1017 3378 1233 3439 autem
1284 3374 1424 3440 sine
1471 3373 1673 3439 dubio
1722 3373 1881 3438 Call.
1929 3364 2029 3438 his
2074 3375 2285 3440 verbis
2330 3396 2424 3441 vv,
2469 3377 2528 3440 E
2568 3383 2716 3442 461.

825 3473 1054 3565 Τρῴας
1098 3474 1174 3543 δὲ
1222 3472 1452 3559 στίχας
1500 3463 1684 3556 οὖλος
1710 3467 1920 3563 ’Ἀρης
1964 3468 2197 3563 ὤτρυνε
2238 3474 2578 3560 μετελθών

639 3587 706 3643 et
750 3577 838 3643 ib.
889 3587 1032 3648 71¹7.

944 3677 1004 3748 εἰ
1046 3677 1213 3748 οὕτω
1258 3680 1630 3767 μαίνεσθαι
1674 3678 1945 3766 ἐάσομεν
1988 3670 2173 3748 οὖλον
2197 3671 2432 3769 ’'Awa-

640 3786 863 3869 Atque
911 3786 1112 3851 etiam
1158 3788 1229 3851 in
1272 3786 1334 3854 h.
1381 3786 1490 3853 IV.
1540 3792 1683 3854 302.

641 3988 754 4028 non
790 3978 877 4028 est
899 3974 984 4038 46,
1020 3973 1118 4029 sed
1141 3974 1237 4041 41;
1274 3974 1512 4029 Homeri
1546 3972 1686 4028 liber
1718 3988 1831 4028 non
1869 3994 1888 4024 ι
1921 3971 2019 4027 sed
2052 3990 2105 4039 τ,
2140 3970 2374 4026 Homeri
2409 3986 2600 4026 versus
2636 3989 2751 4027 non

640 4060 728 4128 41,
762 4060 859 4115 sed
893 4060 1015 4128 431,
1051 4060 1289 4115 Homeri
1323 4059 1555 4116 verbum
1593 4074 1704 4114 non
1741 4063 2049 4128 ἐπιείμενον
2082 4057 2179 4112 sed
2214 4059 2612 4125 καταείμενονί
