<?xml version="1.0" encoding="UTF-8"?>
<!DOCTYPE html PUBLIC "-//W3C//DTD XHTML 1.0 Transitional//EN"
    "http://www.w3.org/TR/xhtml1/DTD/xhtml1-transitional.dtd">
<html xmlns="http://www.w3.org/1999/xhtml" xml:lang="en" lang="en">
 <head>
  <title>
</title>
<meta http-equiv="Content-Type" content="text/html;charset=utf-8" />
  <meta name='ocr-system' content='tesseract 3.04.00' />
  <meta name='ocr-capabilities' content='ocr_page ocr_carea ocr_par ocr_line ocrx_word'/>
</head>
<body>
  <div class='ocr_page' id='page_1' title='image "./decallimachohom00iangoog_0097.png"; bbox 0 0 2969 4832; ppageno 0'>
   <div class='ocr_carea' id='block_1_1' title="bbox 14 2703 18 3438">
    <p class='ocr_par' dir='ltr' id='par_1_1' title="bbox 14 2703 18 3438">
     <span class='ocr_line' id='line_1_1' title="bbox 14 2703 18 3438; baseline 0 0"><span class='ocrx_word' id='word_1_1' title='bbox 14 2703 18 3438; x_wconf 95' lang='lat' dir='ltr'><strong> </strong></span> 
     </span>
    </p>
   </div>
   <div class='ocr_carea' id='block_1_2' title="bbox 10 3851 13 3942">
    <p class='ocr_par' dir='ltr' id='par_1_2' title="bbox 10 3851 13 3942">
     <span class='ocr_line' id='line_1_2' title="bbox 10 3851 13 3942; baseline 0 -10"><span class='ocrx_word' id='word_1_2' title='bbox 10 3851 13 3942; x_wconf 49' lang='lat' dir='ltr'><em>A</em></span> 
     </span>
    </p>
   </div>
   <div class='ocr_carea' id='block_1_3' title="bbox 178 525 2296 1135">
    <p class='ocr_par' dir='ltr' id='par_1_3' title="bbox 178 525 2296 1135">
     <span class='ocr_line' id='line_1_3' title="bbox 183 525 2294 620; baseline 0.001 -22"><span class='ocrx_word' id='word_1_3' title='bbox 183 534 490 599; x_wconf 83' lang='lat' dir='ltr'><strong>maehum</strong></span> <span class='ocrx_word' id='word_1_4' title='bbox 535 538 734 619; x_wconf 89' lang='lat' dir='ltr'><strong>putat</strong></span> <span class='ocrx_word' id='word_1_5' title='bbox 779 534 1014 618; x_wconf 81' lang='lat' dir='ltr'><strong>legisse</strong></span> <span class='ocrx_word' id='word_1_6' title='bbox 1060 529 1222 614; x_wconf 78' lang='grc' dir='ltr'><strong><em>οἷἰες</em></strong></span> <span class='ocrx_word' id='word_1_7' title='bbox 1266 525 1528 620; x_wconf 66' lang='grc' dir='ltr'><strong><em>ἔρσενες</em></strong></span> <span class='ocrx_word' id='word_1_8' title='bbox 1556 536 1707 617; x_wconf 90' lang='grc' dir='ltr'><strong><em>κτλ.,</em></strong></span> <span class='ocrx_word' id='word_1_9' title='bbox 1756 538 1928 620; x_wconf 91' lang='lat' dir='ltr'><strong>quod</strong></span> <span class='ocrx_word' id='word_1_10' title='bbox 1971 535 2068 602; x_wconf 86' lang='lat' dir='ltr'><strong>ita</strong></span> <span class='ocrx_word' id='word_1_11' title='bbox 2110 536 2294 601; x_wconf 90' lang='lat' dir='ltr'><strong>illum</strong></span> 
     </span>
     <span class='ocr_line' id='line_1_4' title="bbox 178 632 2293 724; baseline 0.002 -24"><span class='ocrx_word' id='word_1_12' title='bbox 178 637 516 704; x_wconf 82' lang='lat' dir='ltr'><strong>imitatum</strong></span> <span class='ocrx_word' id='word_1_13' title='bbox 563 661 736 721; x_wconf 90' lang='lat' dir='ltr'><strong>esse,</strong></span> <span class='ocrx_word' id='word_1_14' title='bbox 803 645 880 704; x_wconf 90' lang='lat' dir='ltr'><strong>ut</strong></span> <span class='ocrx_word' id='word_1_15' title='bbox 922 632 1079 717; x_wconf 74' lang='grc' dir='ltr'><strong><em>σἰἰες</em></strong></span> <span class='ocrx_word' id='word_1_16' title='bbox 1124 638 1354 703; x_wconf 85' lang='lat' dir='ltr'><strong>eadem</strong></span> <span class='ocrx_word' id='word_1_17' title='bbox 1420 659 1645 704; x_wconf 83' lang='lat' dir='ltr'><strong>versus</strong></span> <span class='ocrx_word' id='word_1_18' title='bbox 1716 638 1869 704; x_wconf 88' lang='lat' dir='ltr'><strong>sede</strong></span> <span class='ocrx_word' id='word_1_19' title='bbox 1936 645 2293 724; x_wconf 84' lang='lat' dir='ltr'><strong>repeteret3</strong></span> 
     </span>
     <span class='ocr_line' id='line_1_5' title="bbox 178 734 2296 833; baseline 0.002 -29"><span class='ocrx_word' id='word_1_20' title='bbox 178 741 480 805; x_wconf 82' lang='lat' dir='ltr'><strong>restituit</strong></span> <span class='ocrx_word' id='word_1_21' title='bbox 521 747 743 807; x_wconf 88' lang='lat' dir='ltr'><strong>autem</strong></span> <span class='ocrx_word' id='word_1_22' title='bbox 791 741 1132 808; x_wconf 83' lang='lat' dir='ltr'><strong>Sohulzius</strong></span> <span class='ocrx_word' id='word_1_23' title='bbox 1187 738 1406 824; x_wconf 85' lang='grc' dir='ltr'><strong><em>στίχον</em></strong></span> <span class='ocrx_word' id='word_1_24' title='bbox 1449 736 1804 833; x_wconf 75' lang='grc' dir='ltr'><strong><em>ἆκέφαλονε</em></strong></span> <span class='ocrx_word' id='word_1_25' title='bbox 1860 734 1992 822; x_wconf 70' lang='grc' dir='ltr'><strong><em>ὄιες</em></strong></span> <span class='ocrx_word' id='word_1_26' title='bbox 2035 734 2296 829; x_wconf 67' lang='grc' dir='ltr'><strong><em>ἔρσενες</em></strong></span> 
     </span>
     <span class='ocr_line' id='line_1_6' title="bbox 181 844 2295 922; baseline 0.001 -14"><span class='ocrx_word' id='word_1_27' title='bbox 181 844 320 909; x_wconf 84' lang='grc' dir='ltr'><strong><em>κτλ.</em></strong></span> <span class='ocrx_word' id='word_1_28' title='bbox 432 844 573 922; x_wconf 83' lang='lat' dir='ltr'><strong>Qua</strong></span> <span class='ocrx_word' id='word_1_29' title='bbox 618 846 686 910; x_wconf 92' lang='grc'><strong>111</strong></span> <span class='ocrx_word' id='word_1_30' title='bbox 731 845 1113 910; x_wconf 83' lang='lat' dir='ltr'><strong>coniectura</strong></span> <span class='ocrx_word' id='word_1_31' title='bbox 1163 844 1523 910; x_wconf 88' lang='lat' dir='ltr'><strong>infirmiore</strong></span> <span class='ocrx_word' id='word_1_32' title='bbox 1577 845 2005 911; x_wconf 86' lang='lat' dir='ltr'><strong>fundamento</strong></span> <span class='ocrx_word' id='word_1_33' title='bbox 2061 847 2295 910; x_wconf 89' lang='lat' dir='ltr'><strong>nititur</strong></span> 
     </span>
     <span class='ocr_line' id='line_1_7' title="bbox 179 942 2295 1031; baseline 0.001 -21"><span class='ocrx_word' id='word_1_34' title='bbox 179 967 385 1028; x_wconf 87' lang='lat' dir='ltr'><strong>quam</strong></span> <span class='ocrx_word' id='word_1_35' title='bbox 427 946 610 1029; x_wconf 84' lang='lat' dir='ltr'><strong>licet3</strong></span> <span class='ocrx_word' id='word_1_36' title='bbox 680 969 833 1013; x_wconf 86' lang='lat' dir='ltr'><strong>nam</strong></span> <span class='ocrx_word' id='word_1_37' title='bbox 890 948 1076 1027; x_wconf 66' lang='lat' dir='ltr'><strong>Call„</strong></span> <span class='ocrx_word' id='word_1_38' title='bbox 1134 969 1280 1013; x_wconf 88' lang='lat' dir='ltr'><strong>cum</strong></span> <span class='ocrx_word' id='word_1_39' title='bbox 1335 942 1576 1013; x_wconf 69' lang='lat' dir='ltr'><strong>locum&#39;</strong></span> <span class='ocrx_word' id='word_1_40' title='bbox 1615 948 1936 1031; x_wconf 84' lang='lat' dir='ltr'>quendam</span> <span class='ocrx_word' id='word_1_41' title='bbox 1984 950 2295 1028; x_wconf 83' lang='lat' dir='ltr'><strong>imitatur,</strong></span> 
     </span>
     <span class='ocr_line' id='line_1_8' title="bbox 178 1051 2029 1135; baseline 0.002 -22"><span class='ocrx_word' id='word_1_42' title='bbox 178 1071 604 1133; x_wconf 86' lang='lat' dir='ltr'><strong>nequaquam</strong></span> <span class='ocrx_word' id='word_1_43' title='bbox 652 1072 908 1135; x_wconf 87' lang='lat' dir='ltr'><strong>semper</strong></span> <span class='ocrx_word' id='word_1_44' title='bbox 953 1051 1221 1117; x_wconf 88' lang='lat' dir='ltr'><strong>eandem</strong></span> <span class='ocrx_word' id='word_1_45' title='bbox 1265 1073 1488 1117; x_wconf 85' lang='lat' dir='ltr'><strong>versus</strong></span> <span class='ocrx_word' id='word_1_46' title='bbox 1531 1052 1749 1118; x_wconf 89' lang='lat' dir='ltr'><strong>sedem</strong></span> <span class='ocrx_word' id='word_1_47' title='bbox 1796 1060 2029 1117; x_wconf 85' lang='lat' dir='ltr'><strong>servat.</strong></span> 
     </span>
    </p>
   </div>
   <div class='ocr_carea' id='block_1_4' title="bbox 174 1240 2299 3208">
    <p class='ocr_par' dir='ltr' id='par_1_4' title="bbox 1098 1240 1358 1308">
     <span class='ocr_line' id='line_1_9' title="bbox 1098 1240 1358 1308; baseline 0 -3"><span class='ocrx_word' id='word_1_48' title='bbox 1098 1240 1210 1308; x_wconf 89' lang='grc' dir='ltr'><strong>ΠΙ.</strong></span> <span class='ocrx_word' id='word_1_49' title='bbox 1259 1248 1358 1307; x_wconf 77' lang='lat'><strong>27.</strong></span> 
     </span>
    </p>

    <p class='ocr_par' dir='ltr' id='par_1_5' title="bbox 174 1358 2296 1961">
     <span class='ocr_line' id='line_1_10' title="bbox 360 1358 2296 1447; baseline 0 -21"><span class='ocrx_word' id='word_1_50' title='bbox 360 1359 624 1441; x_wconf 79' lang='grc' dir='ltr'><em>Πολλὰς</em></span> <span class='ocrx_word' id='word_1_51' title='bbox 670 1359 744 1426; x_wconf 80' lang='grc' dir='ltr'><strong>δὲ</strong></span> <span class='ocrx_word' id='word_1_52' title='bbox 785 1358 996 1447; x_wconf 80' lang='grc' dir='ltr'><em>μάτην</em></span> <span class='ocrx_word' id='word_1_53' title='bbox 1041 1358 1442 1426; x_wconf 75' lang='grc' dir='ltr'><strong><em>ἐτανύσσατο</em></strong></span> <span class='ocrx_word' id='word_1_54' title='bbox 1482 1364 1723 1446; x_wconf 84' lang='grc' dir='ltr'><strong><em>χεῖρας.</em></strong></span> <span class='ocrx_word' id='word_1_55' title='bbox 1801 1361 2106 1427; x_wconf 83' lang='lat' dir='ltr'><strong>Fortasse</strong></span> <span class='ocrx_word' id='word_1_56' title='bbox 2137 1361 2296 1445; x_wconf 86' lang='lat' dir='ltr'><strong>legit</strong></span> 
     </span>
     <span class='ocr_line' id='line_1_11' title="bbox 178 1457 2282 1551; baseline -0.001 -21"><span class='ocrx_word' id='word_1_57' title='bbox 178 1463 346 1531; x_wconf 87' lang='lat' dir='ltr'><strong>Call.</strong></span> <span class='ocrx_word' id='word_1_58' title='bbox 402 1465 467 1528; x_wconf 88' lang='lat' dir='ltr'><strong>in</strong></span> <span class='ocrx_word' id='word_1_59' title='bbox 513 1470 559 1547; x_wconf 83' lang='grc' dir='ltr'>β</span> <span class='ocrx_word' id='word_1_60' title='bbox 619 1470 730 1530; x_wconf 88' lang='grc'><strong>151</strong></span> <span class='ocrx_word' id='word_1_61' title='bbox 793 1461 1198 1550; x_wconf 73' lang='grc' dir='ltr'><strong><em>τιναξάσθην</em></strong></span> <span class='ocrx_word' id='word_1_62' title='bbox 1244 1457 1446 1551; x_wconf 75' lang='grc' dir='ltr'><strong><em>πτερί</em></strong></span> <span class='ocrx_word' id='word_1_63' title='bbox 1501 1463 1745 1547; x_wconf 85' lang='grc' dir='ltr'><strong><em>πολλά,</em></strong></span> <span class='ocrx_word' id='word_1_64' title='bbox 1816 1486 2011 1548; x_wconf 88' lang='lat' dir='ltr'><strong>quam</strong></span> <span class='ocrx_word' id='word_1_65' title='bbox 2077 1466 2282 1548; x_wconf 86' lang='lat' dir='ltr'><strong>scrip-</strong></span> 
     </span>
     <span class='ocr_line' id='line_1_12' title="bbox 174 1566 2292 1650; baseline 0 -20"><span class='ocrx_word' id='word_1_66' title='bbox 174 1574 394 1633; x_wconf 83' lang='lat' dir='ltr'><strong>turam</strong></span> <span class='ocrx_word' id='word_1_67' title='bbox 476 1567 678 1633; x_wconf 85' lang='lat' dir='ltr'><strong>habet</strong></span> <span class='ocrx_word' id='word_1_68' title='bbox 751 1566 1163 1649; x_wconf 84' lang='lat' dir='ltr'><strong>Heidelberg.</strong></span> <span class='ocrx_word' id='word_1_69' title='bbox 1243 1568 1635 1649; x_wconf 87' lang='lat' dir='ltr'><strong>P(alatinus)</strong></span> <span class='ocrx_word' id='word_1_70' title='bbox 1713 1572 1864 1650; x_wconf 87' lang='lat'>451)</span> <span class='ocrx_word' id='word_1_71' title='bbox 1946 1573 2013 1633; x_wconf 92' lang='lat' dir='ltr'><strong>et</strong></span> <span class='ocrx_word' id='word_1_72' title='bbox 2089 1568 2292 1632; x_wconf 82' lang='lat' dir='ltr'><strong>schol.</strong></span> 
     </span>
     <span class='ocr_line' id='line_1_13' title="bbox 178 1664 2294 1760; baseline 0.001 -27"><span class='ocrx_word' id='word_1_73' title='bbox 178 1670 357 1753; x_wconf 86' lang='lat' dir='ltr'><strong>vulg.</strong></span> <span class='ocrx_word' id='word_1_74' title='bbox 411 1671 588 1754; x_wconf 87' lang='lat' dir='ltr'><strong>apud</strong></span> <span class='ocrx_word' id='word_1_75' title='bbox 644 1670 1156 1735; x_wconf 89' lang='lat' dir='ltr'><strong>Buttmannum:</strong></span> <span class='ocrx_word' id='word_1_76' title='bbox 1218 1667 1428 1756; x_wconf 80' lang='grc' dir='ltr'><strong><em>πτερὰ</em></strong></span> <span class='ocrx_word' id='word_1_77' title='bbox 1484 1671 1698 1736; x_wconf 84' lang='grc' dir='ltr'><strong><em>πολλά</em></strong></span> <span class='ocrx_word' id='word_1_78' title='bbox 1741 1693 1754 1707; x_wconf 92' lang='grc'><em>·</em></span> <span class='ocrx_word' id='word_1_79' title='bbox 1799 1664 1843 1760; x_wconf 80' lang='grc' dir='ltr'>ἢ</span> <span class='ocrx_word' id='word_1_80' title='bbox 1895 1668 2064 1736; x_wconf 83' lang='grc' dir='ltr'><strong><em>διότι</em></strong></span> <span class='ocrx_word' id='word_1_81' title='bbox 2120 1670 2294 1735; x_wconf 84' lang='grc' dir='ltr'><strong><em>πολ-</em></strong></span> 
     </span>
     <span class='ocr_line' id='line_1_14' title="bbox 180 1766 2293 1864; baseline -0.001 -25"><span class='ocrx_word' id='word_1_82' title='bbox 180 1772 336 1853; x_wconf 80' lang='grc' dir='ltr'><strong><em>λοὺς</em></strong></span> <span class='ocrx_word' id='word_1_83' title='bbox 381 1766 720 1858; x_wconf 77' lang='grc' dir='ltr'><strong><em>ἀπέβαλον</em></strong></span> <span class='ocrx_word' id='word_1_84' title='bbox 762 1772 871 1839; x_wconf 84' lang='grc' dir='ltr'><strong>καὶ</strong></span> <span class='ocrx_word' id='word_1_85' title='bbox 918 1777 1049 1838; x_wconf 80' lang='grc' dir='ltr'><strong><em>τῶν</em></strong></span> <span class='ocrx_word' id='word_1_86' title='bbox 1092 1768 1422 1860; x_wconf 78' lang='grc' dir='ltr'><strong><em>ὑπηκόων,</em></strong></span> <span class='ocrx_word' id='word_1_87' title='bbox 1487 1777 1860 1863; x_wconf 83' lang='grc' dir='ltr'><strong><em>μνηστῆρας</em></strong></span> <span class='ocrx_word' id='word_1_88' title='bbox 1905 1772 1978 1838; x_wconf 78' lang='grc' dir='ltr'><strong>δὲ</strong></span> <span class='ocrx_word' id='word_1_89' title='bbox 2022 1772 2131 1838; x_wconf 82' lang='grc' dir='ltr'><strong>καὶ</strong></span> <span class='ocrx_word' id='word_1_90' title='bbox 2177 1771 2293 1864; x_wconf 80' lang='grc' dir='ltr'><strong>κή-</strong></span> 
     </span>
     <span class='ocr_line' id='line_1_15' title="bbox 186 1871 1334 1961; baseline -0.001 -20"><span class='ocrx_word' id='word_1_91' title='bbox 186 1902 388 1961; x_wconf 85' lang='grc' dir='ltr'><strong><em>ρυκας</em></strong></span> <span class='ocrx_word' id='word_1_92' title='bbox 431 1874 544 1942; x_wconf 85' lang='grc' dir='ltr'><strong>καί</strong></span> <span class='ocrx_word' id='word_1_93' title='bbox 585 1902 768 1956; x_wconf 89' lang='grc' dir='ltr'><strong><em>τινας</em></strong></span> <span class='ocrx_word' id='word_1_94' title='bbox 811 1881 941 1942; x_wconf 86' lang='grc' dir='ltr'><strong><em>τῶν</em></strong></span> <span class='ocrx_word' id='word_1_95' title='bbox 983 1881 1100 1942; x_wconf 76' lang='grc' dir='ltr'><strong><em>τοῦ</em></strong></span> <span class='ocrx_word' id='word_1_96' title='bbox 1144 1871 1334 1942; x_wconf 76' lang='grc' dir='ltr'><strong><em>οἴκου.</em></strong></span> 
     </span>
    </p>

    <p class='ocr_par' dir='ltr' id='par_1_6' title="bbox 177 1978 2299 2167">
     <span class='ocr_line' id='line_1_16' title="bbox 360 1978 2299 2063; baseline 0 -18"><span class='ocrx_word' id='word_1_97' title='bbox 360 1980 617 2045; x_wconf 86' lang='lat' dir='ltr'><strong>Certius</strong></span> <span class='ocrx_word' id='word_1_98' title='bbox 673 1987 895 2045; x_wconf 87' lang='lat' dir='ltr'><strong>autem</strong></span> <span class='ocrx_word' id='word_1_99' title='bbox 952 1987 1083 2061; x_wconf 89' lang='lat' dir='ltr'><strong>est,</strong></span> <span class='ocrx_word' id='word_1_100' title='bbox 1143 1979 1318 2063; x_wconf 87' lang='lat' dir='ltr'><strong>quod</strong></span> <span class='ocrx_word' id='word_1_101' title='bbox 1365 1980 1498 2044; x_wconf 90' lang='lat' dir='ltr'><strong>iam</strong></span> <span class='ocrx_word' id='word_1_102' title='bbox 1543 1978 1885 2045; x_wconf 85' lang='lat' dir='ltr'><strong>Scheerius</strong></span> <span class='ocrx_word' id='word_1_103' title='bbox 1933 1979 2299 2045; x_wconf 81' lang='lat' dir='ltr'><strong>observavit</strong></span> 
     </span>
     <span class='ocr_line' id='line_1_17' title="bbox 177 2090 668 2167; baseline -0.004 -15"><span class='ocrx_word' id='word_1_104' title='bbox 177 2106 244 2167; x_wconf 74' lang='lat' dir='ltr'><strong>p·</strong></span> <span class='ocrx_word' id='word_1_105' title='bbox 295 2091 356 2164; x_wconf 88' lang='lat'><strong>7,</strong></span> <span class='ocrx_word' id='word_1_106' title='bbox 402 2104 437 2146; x_wconf 86' lang='lat' dir='ltr'><strong>e</strong></span> <span class='ocrx_word' id='word_1_107' title='bbox 483 2105 536 2150; x_wconf 88' lang='lat' dir='ltr'><strong>v.</strong></span> <span class='ocrx_word' id='word_1_108' title='bbox 587 2090 668 2150; x_wconf 87' lang='lat'><strong>30</strong></span> 
     </span>
    </p>

    <p class='ocr_par' dir='ltr' id='par_1_7' title="bbox 183 2181 2292 2686">
     <span class='ocr_line' id='line_1_18' title="bbox 1188 2181 2079 2269; baseline -0.001 -17"><span class='ocrx_word' id='word_1_109' title='bbox 1188 2181 1294 2253; x_wconf 80' lang='grc' dir='ltr'><strong><em>ὅτε</em></strong></span> <span class='ocrx_word' id='word_1_110' title='bbox 1336 2210 1451 2269; x_wconf 89' lang='grc' dir='ltr'><strong>μοι</strong></span> <span class='ocrx_word' id='word_1_111' title='bbox 1497 2189 1765 2252; x_wconf 81' lang='grc' dir='ltr'><strong><em>τοιαῦτα</em></strong></span> <span class='ocrx_word' id='word_1_112' title='bbox 1810 2184 2079 2253; x_wconf 72' lang='grc' dir='ltr'><strong><em>θέαιναι</em></strong></span> 
     </span>
     <span class='ocr_line' id='line_1_19' title="bbox 445 2285 2003 2379; baseline -0.001 -24"><span class='ocrx_word' id='word_1_113' title='bbox 445 2288 741 2371; x_wconf 84' lang='grc' dir='ltr'><strong><em>τίκτοιεν,</em></strong></span> <span class='ocrx_word' id='word_1_114' title='bbox 787 2288 1038 2356; x_wconf 74' lang='grc' dir='ltr'><strong><em>τυτθόν</em></strong></span> <span class='ocrx_word' id='word_1_115' title='bbox 1081 2312 1187 2355; x_wconf 89' lang='grc' dir='ltr'><strong>κεν</strong></span> <span class='ocrx_word' id='word_1_116' title='bbox 1233 2287 1358 2374; x_wconf 74' lang='grc' dir='ltr'><strong>ἐγώ</strong></span> <span class='ocrx_word' id='word_1_117' title='bbox 1407 2286 1761 2379; x_wconf 85' lang='grc' dir='ltr'><strong><em>ζηλήμονος</em></strong></span> <span class='ocrx_word' id='word_1_118' title='bbox 1792 2285 2003 2377; x_wconf 54' lang='grc' dir='ltr'><strong><em>(Ἡρης</em></strong></span> 
     </span>
     <span class='ocr_line' id='line_1_20' title="bbox 445 2387 1110 2482; baseline -0.002 -22"><span class='ocrx_word' id='word_1_119' title='bbox 445 2393 772 2482; x_wconf 79' lang='grc' dir='ltr'><strong><em>χωομένης</em></strong></span> <span class='ocrx_word' id='word_1_120' title='bbox 815 2387 1110 2481; x_wconf 80' lang='grc' dir='ltr'><strong><em>ἆλέγοιμι</em></strong></span> 
     </span>
     <span class='ocr_line' id='line_1_21' title="bbox 183 2497 2292 2583; baseline 0 -19"><span class='ocrx_word' id='word_1_121' title='bbox 183 2519 514 2583; x_wconf 83' lang='lat' dir='ltr'><strong>apparere</strong></span> <span class='ocrx_word' id='word_1_122' title='bbox 559 2498 743 2563; x_wconf 91' lang='lat' dir='ltr'><strong>illum</strong></span> <span class='ocrx_word' id='word_1_123' title='bbox 791 2521 823 2563; x_wconf 92' lang='grc' dir='ltr'><strong><em>ε</em></strong></span> <span class='ocrx_word' id='word_1_124' title='bbox 872 2505 992 2565; x_wconf 84' lang='grc'><strong>118</strong></span> <span class='ocrx_word' id='word_1_125' title='bbox 1039 2499 1171 2582; x_wconf 85' lang='lat' dir='ltr'><strong>legi</strong></span> <span class='ocrx_word' id='word_1_126' title='bbox 1235 2498 1535 2576; x_wconf 85' lang='lat' dir='ltr'><strong>voluisse,</strong></span> <span class='ocrx_word' id='word_1_127' title='bbox 1589 2497 1764 2580; x_wconf 87' lang='lat' dir='ltr'><strong>quod</strong></span> <span class='ocrx_word' id='word_1_128' title='bbox 1823 2519 1940 2563; x_wconf 89' lang='lat' dir='ltr'><strong>nos</strong></span> <span class='ocrx_word' id='word_1_129' title='bbox 1986 2520 2157 2563; x_wconf 85' lang='lat' dir='ltr'><strong>nunc</strong></span> <span class='ocrx_word' id='word_1_130' title='bbox 2203 2499 2292 2564; x_wconf 80' lang='lat' dir='ltr'><strong>le·</strong></span> 
     </span>
     <span class='ocr_line' id='line_1_22' title="bbox 183 2603 400 2686; baseline 0 -20"><span class='ocrx_word' id='word_1_131' title='bbox 183 2603 400 2686; x_wconf 85' lang='lat' dir='ltr'><strong>gimus</strong></span> 
     </span>
    </p>

    <p class='ocr_par' dir='ltr' id='par_1_8' title="bbox 367 2697 2101 2795">
     <span class='ocr_line' id='line_1_23' title="bbox 367 2697 2101 2795; baseline -0.001 -25"><span class='ocrx_word' id='word_1_132' title='bbox 367 2701 656 2788; x_wconf 79' lang='grc' dir='ltr'><strong><em>σχέτλιοί</em></strong></span> <span class='ocrx_word' id='word_1_133' title='bbox 700 2703 865 2788; x_wconf 77' lang='grc' dir='ltr'><strong><em>ἕστε,</em></strong></span> <span class='ocrx_word' id='word_1_134' title='bbox 913 2702 1087 2786; x_wconf 75' lang='grc' dir='ltr'><strong><em>θεοί,</em></strong></span> <span class='ocrx_word' id='word_1_135' title='bbox 1140 2702 1567 2795; x_wconf 83' lang='grc' dir='ltr'><strong><em>ζηλήμονες</em></strong></span> <span class='ocrx_word' id='word_1_136' title='bbox 1611 2699 1831 2786; x_wconf 70' lang='grc' dir='ltr'><strong><em>ἔξοχον</em></strong></span> <span class='ocrx_word' id='word_1_137' title='bbox 1873 2697 2101 2771; x_wconf 62' lang='grc' dir='ltr'><strong><em>ἄλλων.</em></strong></span> 
     </span>
    </p>

    <p class='ocr_par' dir='ltr' id='par_1_9' title="bbox 184 2806 2295 3208">
     <span class='ocr_line' id='line_1_24' title="bbox 188 2806 2295 2898; baseline 0 -23"><span class='ocrx_word' id='word_1_138' title='bbox 188 2811 269 2875; x_wconf 91' lang='grc' dir='ltr'><strong>Ι11</strong></span> <span class='ocrx_word' id='word_1_139' title='bbox 317 2810 442 2874; x_wconf 85' lang='lat' dir='ltr'><strong>hoo</strong></span> <span class='ocrx_word' id='word_1_140' title='bbox 489 2812 658 2875; x_wconf 91' lang='lat' dir='ltr'><strong>enim</strong></span> <span class='ocrx_word' id='word_1_141' title='bbox 704 2830 893 2874; x_wconf 89' lang='lat' dir='ltr'><strong>versu</strong></span> <span class='ocrx_word' id='word_1_142' title='bbox 941 2812 1124 2874; x_wconf 86' lang='lat' dir='ltr'><strong>varia</strong></span> <span class='ocrx_word' id='word_1_143' title='bbox 1167 2810 1363 2875; x_wconf 87' lang='lat' dir='ltr'><strong>lectio</strong></span> <span class='ocrx_word' id='word_1_144' title='bbox 1411 2813 1551 2873; x_wconf 90' lang='lat' dir='ltr'><strong>erat</strong></span> <span class='ocrx_word' id='word_1_145' title='bbox 1603 2828 1723 2891; x_wconf 93' lang='lat' dir='ltr'><strong>pro</strong></span> <span class='ocrx_word' id='word_1_146' title='bbox 1784 2806 2133 2898; x_wconf 83' lang='grc' dir='ltr'><strong><em>ζηλήμονες</em></strong></span> <span class='ocrx_word' id='word_1_147' title='bbox 2178 2810 2295 2898; x_wconf 80' lang='grc' dir='ltr'><strong><em>ὁη-</em></strong></span> 
     </span>
     <span class='ocr_line' id='line_1_25' title="bbox 184 2903 2293 3004; baseline 0 -27"><span class='ocrx_word' id='word_1_148' title='bbox 184 2911 480 3004; x_wconf 84' lang='grc' dir='ltr'><strong><em>λήμονες.</em></strong></span> <span class='ocrx_word' id='word_1_149' title='bbox 559 2911 639 2977; x_wconf 85' lang='lat' dir='ltr'><strong>cf.</strong></span> <span class='ocrx_word' id='word_1_150' title='bbox 672 2911 870 2977; x_wconf 81' lang='lat' dir='ltr'><strong>schol.</strong></span> <span class='ocrx_word' id='word_1_151' title='bbox 903 2914 961 2976; x_wconf 93' lang='lat' dir='ltr'><strong>V</strong></span> <span class='ocrx_word' id='word_1_152' title='bbox 1001 2909 1369 3003; x_wconf 83' lang='grc' dir='ltr'><strong><em>ζηλήμονες,</em></strong></span> <span class='ocrx_word' id='word_1_153' title='bbox 1420 2908 1772 2998; x_wconf 84' lang='grc' dir='ltr'><strong><em>ζηλότυποι</em></strong></span> <span class='ocrx_word' id='word_1_154' title='bbox 1798 2903 1877 3001; x_wconf 68' lang='grc' dir='ltr'><strong>’ἢ</strong></span> <span class='ocrx_word' id='word_1_155' title='bbox 1926 2910 2293 3003; x_wconf 82' lang='grc' dir='ltr'><strong><em>δηλήμονες,</em></strong></span> 
     </span>
     <span class='ocr_line' id='line_1_26' title="bbox 185 3011 2294 3100; baseline -0 -19"><span class='ocrx_word' id='word_1_156' title='bbox 185 3011 578 3100; x_wconf 85' lang='grc' dir='ltr'><strong><em>βλαπτικοί,</em></strong></span> <span class='ocrx_word' id='word_1_157' title='bbox 635 3020 702 3080; x_wconf 77' lang='lat' dir='ltr'><strong>et</strong></span> <span class='ocrx_word' id='word_1_158' title='bbox 753 3015 948 3080; x_wconf 86' lang='lat' dir='ltr'><strong>schol.</strong></span> <span class='ocrx_word' id='word_1_159' title='bbox 1003 3017 1057 3080; x_wconf 90' lang='lat' dir='ltr'><strong>E</strong></span> <span class='ocrx_word' id='word_1_160' title='bbox 1114 3022 1180 3080; x_wconf 83' lang='lat' dir='ltr'><strong>et</strong></span> <span class='ocrx_word' id='word_1_161' title='bbox 1234 3015 1533 3080; x_wconf 62' lang='lat' dir='ltr'><strong>Eustathss</strong></span> <span class='ocrx_word' id='word_1_162' title='bbox 1588 3037 1649 3098; x_wconf 91' lang='lat' dir='ltr'><strong>p.</strong></span> <span class='ocrx_word' id='word_1_163' title='bbox 1710 3020 1901 3096; x_wconf 80' lang='lat'>1527,</span> <span class='ocrx_word' id='word_1_164' title='bbox 1961 3024 2041 3083; x_wconf 87' lang='lat'><strong>30</strong></span> <span class='ocrx_word' id='word_1_165' title='bbox 2096 3022 2294 3100; x_wconf 77' lang='lat' dir='ltr'><strong>atque</strong></span> 
     </span>
     <span class='ocr_line' id='line_1_27' title="bbox 191 3112 1715 3208; baseline 0 -24"><span class='ocrx_word' id='word_1_166' title='bbox 191 3120 393 3184; x_wconf 90' lang='lat' dir='ltr'><strong>etiam</strong></span> <span class='ocrx_word' id='word_1_167' title='bbox 438 3122 502 3184; x_wconf 89' lang='lat' dir='ltr'><strong>in</strong></span> <span class='ocrx_word' id='word_1_168' title='bbox 549 3119 615 3183; x_wconf 96' lang='lat' dir='ltr'><strong>M</strong></span> <span class='ocrx_word' id='word_1_169' title='bbox 661 3119 1063 3203; x_wconf 86' lang='lat' dir='ltr'><strong>adscriptum</strong></span> <span class='ocrx_word' id='word_1_170' title='bbox 1111 3125 1212 3183; x_wconf 87' lang='lat' dir='ltr'><strong>est</strong></span> <span class='ocrx_word' id='word_1_171' title='bbox 1257 3112 1301 3208; x_wconf 77' lang='grc' dir='ltr'>ἢ</span> <span class='ocrx_word' id='word_1_172' title='bbox 1347 3116 1715 3208; x_wconf 79' lang='grc' dir='ltr'><strong><em>δηλήμονες.</em></strong></span> 
     </span>
    </p>
   </div>
   <div class='ocr_carea' id='block_1_5' title="bbox 367 3305 2295 3827">
    <p class='ocr_par' dir='ltr' id='par_1_10' title="bbox 367 3305 2295 3827">
     <span class='ocr_line' id='line_1_28' title="bbox 938 3305 1545 3397; baseline 0 -25"><span class='ocrx_word' id='word_1_173' title='bbox 938 3309 1045 3373; x_wconf 91' lang='lat' dir='ltr'><strong>IV.</strong></span> <span class='ocrx_word' id='word_1_174' title='bbox 1091 3315 1194 3376; x_wconf 88' lang='lat'><strong>80.</strong></span> <span class='ocrx_word' id='word_1_175' title='bbox 1249 3305 1545 3397; x_wconf 84' lang='grc' dir='ltr'><strong><em>παρειήν.</em></strong></span> 
     </span>
     <span class='ocr_line' id='line_1_29' title="bbox 436 3418 2142 3516; baseline 0 -24"><span class='ocrx_word' id='word_1_176' title='bbox 436 3418 546 3492; x_wconf 45' lang='grc' dir='ltr'><strong>ῢΗ</strong></span> <span class='ocrx_word' id='word_1_177' title='bbox 583 3421 641 3493; x_wconf 82' lang='grc' dir='ltr'><strong>δ’</strong></span> <span class='ocrx_word' id='word_1_178' title='bbox 689 3422 1168 3515; x_wconf 70' lang='grc' dir='ltr'><strong><em>ὖποὸινηθεῖσα</em></strong></span> <span class='ocrx_word' id='word_1_179' title='bbox 1209 3432 1403 3514; x_wconf 80' lang='grc' dir='ltr'><strong><em>χοροῦ</em></strong></span> <span class='ocrx_word' id='word_1_180' title='bbox 1444 3420 1889 3493; x_wconf 78' lang='grc' dir='ltr'><strong><em>ἀπεπαύσατο</em></strong></span> <span class='ocrx_word' id='word_1_181' title='bbox 1931 3425 2142 3516; x_wconf 80' lang='grc' dir='ltr'><strong><em>νύμφη</em></strong></span> 
     </span>
     <span class='ocr_line' id='line_1_30' title="bbox 453 3523 2122 3621; baseline 0.002 -26"><span class='ocrx_word' id='word_1_182' title='bbox 453 3523 801 3613; x_wconf 68' lang='grc' dir='ltr'><strong><em>αὐτόχθων</em></strong></span> <span class='ocrx_word' id='word_1_183' title='bbox 855 3527 1065 3620; x_wconf 86' lang='grc' dir='ltr'><strong><em>Μελίη</em></strong></span> <span class='ocrx_word' id='word_1_184' title='bbox 1110 3530 1221 3597; x_wconf 82' lang='grc' dir='ltr'><strong>καὶ</strong></span> <span class='ocrx_word' id='word_1_185' title='bbox 1264 3526 1588 3612; x_wconf 79' lang='grc' dir='ltr'><strong><em>ὗπόχλοον</em></strong></span> <span class='ocrx_word' id='word_1_186' title='bbox 1634 3525 1780 3612; x_wconf 74' lang='grc' dir='ltr'><strong><em>ἔσχε</em></strong></span> <span class='ocrx_word' id='word_1_187' title='bbox 1825 3524 2122 3621; x_wconf 76' lang='grc' dir='ltr'><strong><em>παρειήν.</em></strong></span> 
     </span>
     <span class='ocr_line' id='line_1_31' title="bbox 367 3633 2230 3719; baseline 0.001 -20"><span class='ocrx_word' id='word_1_188' title='bbox 367 3634 669 3699; x_wconf 79' lang='lat' dir='ltr'><strong>Imitatus</strong></span> <span class='ocrx_word' id='word_1_189' title='bbox 716 3639 817 3699; x_wconf 82' lang='lat' dir='ltr'><strong>est</strong></span> <span class='ocrx_word' id='word_1_190' title='bbox 863 3633 1019 3700; x_wconf 87' lang='lat' dir='ltr'><strong>Call.</strong></span> <span class='ocrx_word' id='word_1_191' title='bbox 1067 3635 1170 3699; x_wconf 88' lang='lat' dir='ltr'><strong>his</strong></span> <span class='ocrx_word' id='word_1_192' title='bbox 1215 3633 1506 3699; x_wconf 86' lang='lat' dir='ltr'><strong>versibus</strong></span> <span class='ocrx_word' id='word_1_193' title='bbox 1551 3634 1817 3700; x_wconf 90' lang='lat' dir='ltr'><strong>Homeri</strong></span> <span class='ocrx_word' id='word_1_194' title='bbox 1865 3641 1925 3699; x_wconf 94' lang='grc' dir='ltr'><strong><em>Γ</em></strong></span> <span class='ocrx_word' id='word_1_195' title='bbox 1965 3643 2043 3702; x_wconf 85' lang='grc'><strong>33</strong></span> <span class='ocrx_word' id='word_1_196' title='bbox 2090 3656 2230 3719; x_wconf 88' lang='lat' dir='ltr'><strong>sqq.</strong></span> 
     </span>
     <span class='ocr_line' id='line_1_32' title="bbox 455 3730 2295 3827; baseline -0.001 -22"><span class='ocrx_word' id='word_1_197' title='bbox 455 3732 546 3818; x_wconf 73' lang='grc' dir='ltr'><strong>ὥς</strong></span> <span class='ocrx_word' id='word_1_198' title='bbox 577 3730 634 3803; x_wconf 74' lang='grc' dir='ltr'><strong>δ’</strong></span> <span class='ocrx_word' id='word_1_199' title='bbox 672 3732 778 3804; x_wconf 80' lang='grc' dir='ltr'><strong><em>ὅτε</em></strong></span> <span class='ocrx_word' id='word_1_200' title='bbox 805 3732 908 3816; x_wconf 87' lang='grc' dir='ltr'><strong><em>τίς</em></strong></span> <span class='ocrx_word' id='word_1_201' title='bbox 936 3761 1007 3802; x_wconf 89' lang='grc' dir='ltr'><strong><em>τε</em></strong></span> <span class='ocrx_word' id='word_1_202' title='bbox 1038 3735 1355 3825; x_wconf 81' lang='grc' dir='ltr'><strong><em>δράκοντα</em></strong></span> <span class='ocrx_word' id='word_1_203' title='bbox 1393 3731 1555 3803; x_wconf 78' lang='grc' dir='ltr'><strong><em>ἰδών</em></strong></span> <span class='ocrx_word' id='word_1_204' title='bbox 1594 3733 1995 3824; x_wconf 83' lang='grc' dir='ltr'><strong><em>παλίνορσος</em></strong></span> <span class='ocrx_word' id='word_1_205' title='bbox 2032 3730 2295 3827; x_wconf 76' lang='grc' dir='ltr'><strong><em>ἀπέστη</em></strong></span> 
     </span>
    </p>
   </div>
   <div class='ocr_carea' id='block_1_6' title="bbox 190 3902 611 3911">
    <p class='ocr_par' dir='ltr' id='par_1_11' title="bbox 190 3902 611 3911">
     <span class='ocr_line' id='line_1_33' title="bbox 190 3902 611 3911; baseline 0 921"><span class='ocrx_word' id='word_1_206' title='bbox 190 3902 611 3911; x_wconf 95' lang='lat' dir='ltr'><strong> </strong></span> 
     </span>
    </p>
   </div>
   <div class='ocr_carea' id='block_1_7' title="bbox 192 3992 2293 4237">
    <p class='ocr_par' dir='ltr' id='par_1_12' title="bbox 192 3992 2293 4237">
     <span class='ocr_line' id='line_1_34' title="bbox 336 3992 2293 4066; baseline 0 -17"><span class='ocrx_word' id='word_1_207' title='bbox 336 3999 382 4063; x_wconf 84' lang='lat'><strong>²)</strong></span> <span class='ocrx_word' id='word_1_208' title='bbox 417 3993 688 4050; x_wconf 84' lang='lat' dir='ltr'><strong>Ludwich</strong></span> <span class='ocrx_word' id='word_1_209' title='bbox 721 3994 780 4048; x_wconf 94' lang='lat' dir='ltr'><strong>in</strong></span> <span class='ocrx_word' id='word_1_210' title='bbox 814 3994 984 4066; x_wconf 81' lang='lat' dir='ltr'><strong>praef.</strong></span> <span class='ocrx_word' id='word_1_211' title='bbox 1020 3994 1093 4050; x_wconf 78' lang='lat' dir='ltr'><strong>ad</strong></span> <span class='ocrx_word' id='word_1_212' title='bbox 1130 3994 1440 4065; x_wconf 85' lang='lat' dir='ltr'><strong>Odysseam</strong></span> <span class='ocrx_word' id='word_1_213' title='bbox 1474 4010 1529 4065; x_wconf 90' lang='lat' dir='ltr'><strong>p.</strong></span> <span class='ocrx_word' id='word_1_214' title='bbox 1566 3992 1649 4047; x_wconf 89' lang='lat' dir='ltr'><strong>X:</strong></span> <span class='ocrx_word' id='word_1_215' title='bbox 1687 3993 1802 4047; x_wconf 89' lang='lat' dir='ltr'><strong>Hoc</strong></span> <span class='ocrx_word' id='word_1_216' title='bbox 1817 4009 1925 4063; x_wconf 82' lang='lat' dir='ltr'><strong>pro</strong></span> <span class='ocrx_word' id='word_1_217' title='bbox 1959 3999 2098 4049; x_wconf 77' lang='lat' dir='ltr'><strong>certo</strong></span> <span class='ocrx_word' id='word_1_218' title='bbox 2132 3994 2293 4063; x_wconf 69' lang='lat' dir='ltr'><strong>affim-</strong></span> 
     </span>
     <span class='ocr_line' id='line_1_35' title="bbox 192 4079 2293 4151; baseline 0.001 -17"><span class='ocrx_word' id='word_1_219' title='bbox 192 4097 351 4135; x_wconf 81' lang='lat' dir='ltr'><strong>marc</strong></span> <span class='ocrx_word' id='word_1_220' title='bbox 376 4097 611 4151; x_wconf 77' lang='lat' dir='ltr'><strong>posswm</strong></span> <span class='ocrx_word' id='word_1_221' title='bbox 645 4085 904 4150; x_wconf 79' lang='lat' dir='ltr'><strong>quattuor</strong></span> <span class='ocrx_word' id='word_1_222' title='bbox 953 4080 1083 4135; x_wconf 72' lang='lat' dir='ltr'><strong>istis</strong></span> <span class='ocrx_word' id='word_1_223' title='bbox 1117 4080 1394 4135; x_wconf 74' lang='lat' dir='ltr'><strong>codicibus</strong></span> <span class='ocrx_word' id='word_1_224' title='bbox 1430 4079 1643 4133; x_wconf 72' lang='lat' dir='ltr'><strong><em>AFGP</em></strong></span> <span class='ocrx_word' id='word_1_225' title='bbox 1679 4081 2000 4136; x_wconf 72' lang='lat' dir='ltr'><strong>recentiores</strong></span> <span class='ocrx_word' id='word_1_226' title='bbox 2034 4098 2146 4135; x_wconf 78' lang='lat' dir='ltr'><strong>esse</strong></span> <span class='ocrx_word' id='word_1_227' title='bbox 2179 4099 2293 4136; x_wconf 86' lang='lat' dir='ltr'><strong>om·</strong></span> 
     </span>
     <span class='ocr_line' id='line_1_36' title="bbox 195 4167 1517 4237; baseline 0.001 -16"><span class='ocrx_word' id='word_1_228' title='bbox 195 4184 310 4237; x_wconf 77' lang='lat' dir='ltr'><strong>ms,</strong></span> <span class='ocrx_word' id='word_1_229' title='bbox 344 4167 542 4237; x_wconf 66' lang='lat' dir='ltr'><strong>quibus</strong></span> <span class='ocrx_word' id='word_1_230' title='bbox 570 4171 856 4236; x_wconf 78' lang='lat' dir='ltr'><strong>practerea</strong></span> <span class='ocrx_word' id='word_1_231' title='bbox 888 4167 1038 4221; x_wconf 75' lang='lat' dir='ltr'><strong>mihi</strong></span> <span class='ocrx_word' id='word_1_232' title='bbox 1067 4167 1188 4237; x_wconf 76' lang='lat' dir='ltr'><strong>ipsi</strong></span> <span class='ocrx_word' id='word_1_233' title='bbox 1217 4168 1307 4221; x_wconf 79' lang='lat' dir='ltr'><strong>uti</strong></span> <span class='ocrx_word' id='word_1_234' title='bbox 1340 4167 1517 4222; x_wconf 80' lang='lat' dir='ltr'><strong>licuit.</strong></span> 
     </span>
    </p>
   </div>
  </div>
 </body>
</html>
