2969 4832
1521 342 1936 402 ...42-

680 505 884 571 fuisse
938 504 1146 570 voluit
1198 509 1267 571 et
1315 511 1619 589 quartam
1672 505 1941 589 quidem
1997 526 2223 573 cenam
2278 505 2371 572 ibi
2423 504 2709 589 sumpsit
2752 525 2787 569 e

676 630 734 672 v.
780 613 904 677 599
950 606 1107 673 libri
1150 633 1189 697 ρ
2356 664 2363 672 .

904 705 1171 778 ἔσσεται
1215 706 1433 793 οὕτως,
1479 702 1646 779 ἅττα
1678 734 1693 749 ·
1726 710 1806 780 σὺ
1850 707 1910 780 δ’
1957 707 2135 801 ἔρχεο
2181 707 2551 802 δειελιήσας

677 815 760 879 cf.
792 814 996 881 schol.
1028 814 1084 879 V
1128 808 1297 904 πρὸς
1324 813 1445 906 τὴν
1472 812 1760 906 δειλινὴν
1803 810 1980 902 ὥραν
2022 811 2562 905 παραγενόμενος,
2609 836 2791 880 τουτ-

676 916 820 985 έστι
873 909 993 1008 τὴν
1043 914 1456 1009 μεσημβρίαν
1507 910 1548 1010 ἢ
1592 912 1710 1009 τὴν
1765 911 2120 1010 ἑσπερινὴν
2181 915 2551 1008 διατρίψας
2583 939 2600 954 ·
2633 911 2791 984 ἔνιοι

678 1019 753 1088 δὲ
795 1019 915 1112 τὴν
957 1018 1240 1113 δειλινὴν
1281 1015 1532 1113 τροφὴν
1576 1016 1779 1088 αἰτῶν
1811 1043 1828 1058 ·
1858 1020 1968 1088 καὶ
2015 1017 2446 1106 Καλλίμαχός
2490 1042 2659 1110 φησι

862 1120 1104 1190 δείελον
1146 1119 1541 1208 αἷτίζουσιν,
1585 1117 1818 1212 ἷίγουσι
1862 1123 1936 1191 δὲ
1977 1128 2200 1213 χεῖρας
2244 1117 2368 1190 ἀπ’
2416 1119 2603 1214 ἔργου

675 1218 795 1318 τὴν
838 1219 1011 1317 πρὸς
1052 1230 1133 1316 τῇ
1179 1227 1426 1317 δειλινῇ
1469 1221 1724 1320 τροφὴν
1764 1223 2123 1307 αἰτοῦντες·
2157 1220 2229 1294 οὗ
2272 1223 2558 1307 δεόντως
2585 1248 2602 1264 ·
2636 1250 2794 1313 προ-

675 1326 1023 1421 ειρήκαμεν
1064 1327 1186 1421 γὰρ
1228 1325 1333 1398 ὅτι
1377 1326 1440 1397 οἱ
1483 1326 1748 1419 ἀρχαῖοι
1791 1328 1973 1419 τρισὶ
2016 1333 2293 1418 τροφαῖς
2336 1327 2644 1418 ἐχρῶντο.
2713 1327 2792 1396 cf.

677 1433 877 1498 etiam
935 1432 1138 1499 schol.
1197 1434 1316 1499 BH
1375 1439 1443 1500 et
1498 1434 1799 1502 Eustath.
1857 1455 1914 1502 a.
1960 1433 2022 1498 h.
2067 1433 2111 1502 l.
2156 1434 2269 1518 qui
2324 1433 2469 1517 ipse
2531 1453 2796 1517 quoque

677 1534 1062 1602 Callimachi
1130 1558 1385 1603 versum
1451 1537 1724 1622 profert.
1836 1536 2035 1602 Vides
2089 1537 2294 1620 igitur
2337 1535 2796 1602 Philemonem

676 1639 1052 1723 opinionem
1094 1660 1282 1706 suam
1325 1639 1589 1707 fulsisse
1633 1639 2027 1706 auctoritate
2075 1638 2476 1706 Callimachi.

1289 1871 1504 1956 Frgm.
1550 1877 1695 1940 290.
1763 1865 2174 1949 ἓλικαίτατος.

845 2018 1088 2082 Νο111111
1132 2021 1234 2083 681
1278 2038 1313 2083 6
1361 2015 1809 2101 disputatione
1842 2015 2132 2083 Scheerii
2178 2038 2238 2101 p.
2286 2024 2358 2084 11
2411 2021 2480 2082 61
2527 2016 2798 2082 Schnei-

675 2120 818 2185 deri
875 2120 956 2200 11,
1010 2142 1073 2205 p.
1133 2127 1253 2187 511
1315 2120 1789 2186 Callimachum
1855 2140 2000 2183 cum
2068 2119 2394 2186 scriberet
2460 2114 2799 2206 Αἴσηπον

673 2216 875 2306 ἔχεις,
945 2218 1331 2291 ἑλικώτατον
1391 2218 1592 2310 ὕδωρ,
1657 2217 2053 2289 ἓλικιότατον
2118 2227 2457 2306 spectasse
2525 2221 2802 2288 Homeri

672 2347 925 2391 versum
985 2331 1047 2392 B
1090 2334 1214 2396 825
1277 2322 1582 2405 πίνοντες
1635 2320 1812 2411 ὕδωρ
1862 2322 2069 2409 μέλαν
2126 2321 2522 2416 Αἰσήποιο,
2592 2329 2801 2408 atque

672 2432 768 2496 ita
818 2430 1007 2496 illum
1075 2430 1378 2496 docuisse
1446 2424 1662 2496 ἑλικόν
1726 2428 2116 2494 vocabulum
2181 2430 2362 2514 apud
2432 2431 2800 2496 Homerum

669 2533 1182 2618 intellegendum
1214 2553 1359 2599 esse
1389 2532 1723 2616 nigrum;
1770 2532 1886 2597 sed
1919 2552 2049 2615 quo
2077 2532 2219 2598 iure
2264 2531 2391 2599 hoc
2438 2533 2800 2613 docuisset,

671 2656 863 2702 nemo
911 2635 1408 2717 demonstravit3
1461 2634 1659 2700 immo
1704 2635 1988 2718 graviter
2032 2634 2373 2702 Scheerius
2418 2658 2483 2721 p.
2530 2645 2573 2704 4
2618 2636 2802 2701 inve-

670 2739 853 2804 hitur
905 2740 974 2804 in
1022 2737 1510 2818 Callimachum,
1575 2759 1721 2804 oum
1787 2735 1977 2803 dicit.-
2040 2746 2233 2802 scatet
2297 2759 2504 2804 sermo
2583 2738 2803 2806 Calli-

672 2844 957 2908 macheus
1002 2847 1091 2908 eis
1134 2843 1385 2907 vocibus
1437 2861 1598 2924 quae
1662 2841 1890 2905 talibus
1933 2842 2289 2906 notionibus
2333 2845 2602 2907 indutae
2649 2851 2803 2907 sunt

673 2946 891 3029 quales
952 2967 1279 3030 nunquam
1335 2945 1691 3008 habuerunt
1744 2950 1811 3010 et
1863 2949 2321 3026 argumentum
2391 2944 2591 3011 affert
2647 2966 2802 3010 cum

673 3048 840 3113 alios
873 3047 1051 3114 locos
1090 3054 1230 3114 tum
1261 3047 1386 3115 hoc
1418 3047 1608 3131 frgm.
1669 3045 1927 3111 Primus
1957 3050 2180 3111 autem
2210 3046 2581 3113 Bredavius
2611 3048 2656 3112 l.
2687 3047 2801 3133 l.1)

670 3172 735 3235 p.
782 3157 863 3220 89
908 3153 1136 3218 attulit
1177 3151 1389 3235 Etym.
1436 3150 1650 3234 Magn.
1698 3171 1760 3234 p.
1806 3156 1951 3228 332,
1997 3155 2035 3215 2
2094 3142 2194 3213 ἓλὶ
2245 3140 2370 3235 γὰρ
2421 3143 2595 3216 κατὰ
2643 3146 2804 3217 διά-

670 3254 897 3321 λεκτον
939 3247 1016 3321 τὸ
1059 3251 1265 3339 μέλαν
1296 3258 1363 3319 61
1394 3252 1562 3317 dixit
1593 3249 2068 3318 Callimachum
2113 3270 2241 3334 quo
2288 3251 2529 3320 fuisset
2574 3253 2803 3320 studio

672 3357 928 3423 rariora
994 3356 1304 3442 captandi
1370 3357 1544 3421 hanc
1606 3353 2013 3421 reconditam
2080 3352 2454 3421 doctrinam
2509 3355 2806 3423 libenter

671 3459 1046 3546 arripuisse.
1134 3462 1350 3543 Atque
1397 3462 1617 3524 exstat
1658 3458 1857 3524 huius
1902 3455 2157 3541 glossae
2202 3457 2405 3522 etiam
2452 3456 2643 3524 aliud
2689 3480 2805 3525 ve·

668 3563 952 3647 stigium,
1005 3561 1183 3647 quod
1225 3561 1432 3628 debeo
1462 3559 1764 3627 Kaibelio
1804 3559 1943 3625 viro
1989 3557 2399 3642 doctissim03
2449 3561 2633 3645 apud
2664 3562 2805 3628 He-

669 3663 961 3750 sychium
1009 3667 1177 3732 enim
1225 3664 1470 3749 legitur
1525 3660 1940 3750 ἐλίβοτρυς
1985 3661 2155 3745 (lege
2202 3657 2398 3748 ὲλίβ.)
2433 3684 2449 3700 ·
2492 3655 2808 3748 ἷίμπελός

668 3793 771 3848 τις
814 3766 1173 3852 μέλαινα.
1275 3767 1588 3832 Videmus
1633 3765 1838 3849 igitur
1882 3785 1962 3829 ex
2006 3763 2130 3827 hoc
2170 3765 2493 3831 vocabulo
2540 3768 2614 3832 in
2660 3767 2807 3833 dia-

667 3872 840 3938 lecto
898 3873 1119 3938 nescio
1180 3871 1365 3936 cuius
1423 3868 1709 3953 regionis
1756 3867 1976 3950 nigras
2020 3885 2178 3930 uvas
2224 3869 2607 3936 nominatas
2654 3892 2806 3939 esse

811 4145 1255 4217 empnar
