2969 4832
1547 343 1970 413 *78⁶²-

711 508 933 608 βρίαν,
1001 513 1076 585 ἐν
1119 504 1159 609 ᾗ
1205 517 1643 587 ἐνιδίουσιν
1687 508 1832 604 ἤτοι
1889 512 2203 606 ἱδροῦσιν,
2279 512 2519 597 ἐνίδιός
2561 542 2658 596 τις
2703 507 2801 597 ὦν,

705 622 815 688 καὶ
862 621 929 688 ἐν
970 625 1271 709 συγκοπῇ
1314 618 1549 702 ἔνδιος,
1596 615 1745 712 ἤτοι
1789 619 2225 706 βεβρεγμένος,
2272 620 2355 684 cf.
2398 620 2569 685 idem
2613 620 2806 685 schol.

708 725 794 790 ad
838 747 893 789 v.
940 732 1067 792 204
1136 731 1202 790 et
1266 726 1371 793 Et.
1439 726 1657 809 Magn.
1713 746 1776 807 p.
1838 731 1981 802 339,
2028 731 2085 791 2.
2175 723 2528 788 Alteram
2594 729 2807 789 autem

708 827 973 893 exhibet
1018 828 1219 894 schol.
1252 828 1306 892 E
1349 827 1435 892 ad
1482 828 1523 892 δ
1566 835 1694 894 450
1740 819 1908 891 κατοῖ
1951 817 2072 915 τὴν
2115 822 2370 914 συνήθη
2417 821 2585 912 ὥραν
2610 849 2624 861 ·
2647 849 2798 911 μεσ-

705 928 1040 1019 ημβρινός,
1111 924 1271 996 ἀπὸ
1335 936 1470 996 τοῦ
1517 928 1771 995 ἐνδεῖν
1816 928 1925 994 καὶ
1972 925 2297 993 ἐλλείπειν
2330 947 2344 963 ·
2381 923 2644 1011 αὔξεται
2691 928 2807 1017 γὰρ

707 1032 830 1112 ἕως
875 1031 1062 1121 ἕκτης
1105 1028 1302 1121 ὥρας,
1374 1029 1594 1098 ἔνιτοτε
1638 1031 1711 1098 δὲ
1758 1029 2136 1097 ἐλαττοῦται
2184 1026 2223 1121 ἦ
2284 1026 2512 1121 ἡμέρα,
2580 1032 2658 1097 cf.
2707 1033 2807 1098 Et.
2925 1052 2926 1057 ’

711 1138 929 1220 Magn.
976 1159 1040 1220 p.
1091 1144 1244 1216 339,
1298 1144 1350 1203 1.
1438 1135 1574 1200 Iam
1627 1135 1974 1201 Scheerius
2019 1157 2079 1217 p.
2137 1142 2206 1201 11
2259 1134 2582 1200 conclusit
2627 1157 2708 1202 ex
2753 1136 2811 1203 h.

707 1240 814 1305 VI.
863 1246 960 1307 38.

791 1345 885 1430 τῷ
932 1338 1243 1429 (αἰγείρῳ)
1289 1336 1406 1407 ἔπι
1452 1340 1564 1407 ταὶ
1608 1339 1857 1428 νύμφαι
1902 1338 2063 1406 ποτὶ
2106 1330 2372 1406 τῶνδιον
2418 1336 2742 1425 ἑψιόωντο

710 1454 776 1512 et
841 1466 920 1510 ex
986 1445 1175 1528 frgm.
1235 1452 1354 1512 167
1425 1443 1671 1510 δύπται
1742 1436 1799 1508 δ’
1867 1441 1939 1524 ἐξ
2001 1438 2155 1521 ἁλὸς
2220 1440 2557 1529 ἐρχόμεναι
2622 1440 2811 1512 ἔνδιοι
2927 1510 2928 1533 ¹

712 1544 980 1635 καύηκες
1025 1548 1496 1614 Callimachum
1552 1547 2017 1612 derivationem
2073 1549 2296 1630 priore
2350 1546 2496 1614 loco
2552 1549 2810 1613 allatam
2927 1558 2928 1585 l

712 1651 1136 1735 praetulisse,
1202 1672 1333 1734 qua
1376 1651 1442 1714 in
1491 1671 1563 1715 re
1609 1651 1811 1715 miror
1856 1651 1977 1714 viri
2022 1650 2198 1715 docti
2244 1672 2549 1732 acumen,
2627 1653 2739 1736 qui
2782 1673 2813 1715 e

711 1754 876 1819 locis
933 1755 1097 1819 nihil
1148 1751 1587 1839 probantibus
1640 1758 1857 1817 tamen
1913 1774 2135 1818 verum
2181 1753 2449 1831 viderit;
2520 1756 2810 1839 equidem

711 1865 886 1924 certe
931 1858 1146 1924 fateor
1191 1878 1270 1922 ex
1316 1857 1416 1920 his
1447 1856 1608 1920 locis
1642 1877 1745 1921 me
1777 1877 1904 1920 non
1936 1857 2315 1939 intellegere
2347 1857 2813 1924 Callimachum

713 1956 924 2040 ἔνδιος
967 1982 1097 2026 non
1143 1960 1226 2027 ad
1274 1956 1478 2025 ἐνδεῖν
1522 1959 1638 2024 sed
1671 1958 1756 2024 ad
1805 1955 2063 2025 ἐνιδίειν
2106 1962 2545 2039 revocavisse3
2592 1961 2814 2027 melius

710 2074 931 2130 autem
999 2070 1160 2149 puto
1218 2063 1345 2128 hoc
1404 2063 1701 2145 intellegi
1756 2082 1949 2146 posse
1997 2084 2031 2127 e
2078 2062 2265 2147 frgm.
2318 2073 2455 2143 124,
2505 2065 2684 2147 quod
2742 2086 2816 2128 ex
2929 2070 2930 2073 ’

709 2169 1061 2251 ingeniosis
1107 2166 1502 2232 coniecturis
1550 2166 1784 2249 Toupii
1829 2171 1896 2230 et
1942 2164 2181 2231 Naekii
2247 2168 2342 2233 sic
2401 2175 2580 2233 recte
2635 2167 2814 2233 resti·

712 2275 929 2334 tutum
975 2270 1275 2335 existimo

1219 2365 1390 2460 ἆμφὶ
1436 2371 1511 2438 δέ
1557 2367 1621 2438 οὶ
1666 2371 1913 2460 κεφαλῇ
1957 2370 2100 2439 νέον
2147 2369 2568 2464 Λῖμονίηθεν

970 2470 1352 2560 μεμβλωκός
1397 2473 1656 2563 πίλημα
1702 2473 2090 2563 περίτροχον
2132 2469 2336 2564 ἄλκαρ
2381 2473 2590 2544 ἔκειτο

969 2574 1142 2659 ἰ’δεος
1184 2575 1444 2645 ἐνδίοιο.

887 2683 1054 2748 Nam
1098 2682 1256 2746 mihi
1297 2681 1651 2747 admodum
1690 2681 2038 2748 verisimile
2069 2681 2327 2748 videtur
2357 2683 2817 2749 Callimachum

715 2808 857 2852 cum
890 2787 987 2851 ita
1020 2790 1438 2869 componeret
1480 2777 1660 2864 ἴδεος
1705 2793 1770 2851 et
1812 2781 2055 2850 ἐνδίοιο
2100 2785 2400 2852 docuisse
2431 2808 2572 2852 sese
2619 2781 2819 2863 ἔνδιος

717 2889 1107 2956 vocabulum
1168 2889 1467 2954 derivare
1513 2889 1596 2953 ab
1655 2881 1878 2970 ἶδος.1)
1925 2924 2006 2935 —-
2050 2888 2125 2952 In
2180 2888 2369 2972 frgm.
2427 2895 2548 2957 167
2607 2895 2816 2954 autem

717 3014 920 3078 supra
985 2994 1189 3057 citato
1259 3011 1378 3056 suo
1446 2991 1587 3056 iure
1656 2999 1814 3075 puto
1885 2989 2352 3057 Schneiderum
2420 2991 2814 3059 Callimacho

720 3091 932 3175 ἔνδιος
974 3093 1364 3161 vocabulum
1410 3094 1847 3175 subtraxisse3
1893 3115 2045 3158 nam
2090 3094 2182 3158 ibi
2215 3116 2360 3160 cum
2391 3099 2592 3160 Arato
2624 3089 2816 3161 εὔδιοι

718 3198 1135 3265 scribendum
1183 3203 1302 3267 est.

891 3302 1196 3368 Ceterum
1241 3301 1612 3368 addendum
1660 3301 1819 3366 mihi
1865 3308 1966 3367 est
1998 3301 2465 3367 Schneiderum
2513 3301 2602 3367 ad
2648 3301 2812 3366 idem

717 3405 902 3490 frgm.
981 3400 1262 3493 εἰναλίην
1334 3409 1501 3495 κῆκα
1568 3428 1604 3470 ο
1664 3413 1789 3474 479
1862 3404 2331 3472 Callimachum
2416 3403 2812 3470 intellexisse

718 3530 850 3574 non
883 3503 1174 3589 αἴθυιαν,
1222 3513 1297 3572 ut
1327 3509 1443 3573 alii
1473 3507 2105 3592 interpretabantur,
2134 3515 2313 3575 recte
2344 3509 2817 3574 demonstrasse

720 3611 879 3677 mihi
922 3611 1147 3679 videri.

871 3819 911 3882 ¹)
953 3815 1077 3869 Tali
1129 3815 1298 3870 modo
1355 3817 1746 3887 grammaticos
1806 3816 2108 3888 veriloquia
2165 3817 2437 3872 indicasse
2487 3817 2819 3872 demonstrat

721 3901 892 3957 schol.
927 3903 981 3955 A
1016 3901 1088 3956 ad
1122 3907 1189 3953 M
1214 3902 1316 3956 343

1123 3991 1292 4056 ἔρχεο,
1329 3985 1411 4040 δῖε
1450 3990 1668 4056 Θοῶτα,
1705 3989 1864 4041 θ’ἐων
1898 3989 2119 4043 Αἴαντα
2156 3988 2429 4043 κάλεσσον

722 4073 818 4144 qui
853 4073 1010 4127 dicit:
1067 4073 1101 4140 ἡ
1142 4071 1330 4140 διπλῆ,
1379 4073 1464 4128 ὅτι
1502 4071 1931 4147 παρετυμολογεῖ
1962 4075 2065 4128 τὸν
2104 4074 2334 4142 Θοώτην
2369 4072 2482 4129 ἀπὸ
2518 4079 2622 4128 τοῦ
2657 4075 2815 4128 θέειν.

723 4160 911 4231 Atque
944 4159 1023 4214 sic
1058 4159 1297 4230 saepius.
