2969 4832
1421 397 1932 458 ·—74—

664 565 888 625 etenim
943 583 1027 624 em
1083 583 1209 624 uno
1261 565 1432 645 fonte
1503 565 1662 626 lucis
1726 568 1965 647 yemino
2021 566 2222 627 sidere
2278 569 2484 647 spatia
2537 568 2665 628 diei
2719 575 2776 628 et

662 667 860 727 noctis
926 667 1228 728 inlustrat
1301 671 1368 728 et
1429 669 1465 748 ἓ
1536 675 1614 732 65
1680 659 2075 732 ,Ἀπόλλωνα
2150 666 2532 752 Δέλφιον,
2610 672 2777 751 quod

662 789 820 850 quae
853 770 1119 832 obscuro
1162 777 1310 831 sunt
1359 771 1744 833 claritudine
1786 771 1946 833 lucis
1991 772 2256 833 ostendit
2296 767 2367 835 ἐκ
2397 774 2510 836 τοῦ
2544 771 2778 858 δηλοῦν

661 862 899 961 ἀφανῆ.
1007 872 1085 936 In
1131 871 1361 937 eodem
1406 877 1630 939 autem
1676 873 1891 955 capite
1940 873 2328 938 conveniunt
2378 895 2528 938 cum
2576 874 2776 956 Apol-

658 971 871 1037 lodori
937 975 1218 1039 rationo:
1286 976 1322 1060 ξ
1368 982 1451 1042 48
1493 968 1832 1041 Ἁπόλλων
1879 975 2299 1056 Κιλλαῖος,
2360 971 2463 1042 ὅτι
2507 973 2628 1054 τὰς
2672 1001 2778 1041 κι-

660 1072 879 1166 νήσεις
942 1074 1135 1157 λαιᾶς
1206 1083 1416 1161 ποιεῖ,
1492 1100 1733 1162 semper
1799 1081 1974 1142 nobis
2041 1081 2116 1143 ab
2186 1089 2402 1144 austro
2480 1101 2781 1157 currens;

662 1182 698 1261 ἓ
744 1186 825 1246 49
881 1180 1337 1268 Θυμβραῖος
1375 1179 1736 1260 Ἀπόλλων,
1793 1177 1827 1247 ὁ
1872 1175 2020 1261 τοὺς
2065 1173 2353 1269 ὄμβρους
2396 1179 2565 1264 θείς,
2614 1185 2782 1265 qnod

662 1290 752 1345 est
798 1285 950 1346 deus
1006 1287 1396 1364 imbricitor,·
1462 1291 1503 1367 ξ
1552 1293 1634 1352 50
1702 1281 2048 1351 ,Ἀπόλλων
2093 1283 2401 1365 Πύθιος
2460 1287 2572 1352 οὐκ
2637 1278 2782 1351 α’πό

661 1388 778 1474 τῆς
846 1383 1162 1466 πεύσεως,
1238 1391 1306 1451 id
1374 1397 1463 1451 est
1531 1410 1655 1452 non
1723 1411 1761 1451 α
1827 1392 2277 1453 consultatione
2352 1392 2782 1468 oraculorum,

663 1490 870 1552 dictus
916 1511 955 1551 a
994 1491 1267 1573 physicis
1313 1495 1704 1568 aestimatur,
1760 1494 1868 1555 sed
1913 1487 2058 1557 οἷπό
2104 1496 2218 1558 τοῦ
2263 1490 2527 1572 πύθειν,
2577 1495 2646 1555 id
2693 1501 2783 1556 est

664 1587 931 1681 σήπειν,
1001 1596 1167 1675 quod
1230 1615 1553 1677 nunquam
1608 1597 1742 1657 sine
1788 1598 1854 1657 vi
1896 1597 2127 1658 caloris
2193 1599 2482 1680 efficitur.
2593 1596 2784 1677 Tum,

663 1715 833 1778 quae
898 1696 1154 1762 Miinzel
1220 1718 1281 1778 p.
1328 1704 1409 1764 28
1473 1697 1804 1762 revocavit
1870 1697 1953 1760 ad
2011 1697 2509 1780 Apollodorum,
2577 1702 2616 1782 ξ
2664 1707 2781 1767 32:

662 1797 941 1863 Delius
1000 1802 1468 1883 coynominatus
1524 1794 1674 1865 οἷπό
1728 1802 1841 1864 τοῦ
1889 1798 2057 1889 δῆλα
2101 1800 2212 1865 καὶ
2258 1799 2507 1888 φανερὰ
2553 1799 2783 1867 πάντα

664 1905 881 1967 ποιεῖν
923 1904 1017 1989 τῷ
1061 1898 1265 1989 φωτί,
1321 1905 1488 1986 quod
1548 1904 1985 1966 inluminando
2033 1908 2241 1967 omnia
2285 1907 2467 1967 clara
2512 1907 2785 1969 demon-

661 2012 851 2082 stret‚·
895 2011 961 2067 et
1007 2006 1041 2089 ἓ
1093 2013 1172 2072 34
1222 2010 1372 2068 Item
1427 2003 1748 2093 Φάνητα
1802 2009 2126 2089 appellant
2170 1999 2317 2072 οἷπὸ
2361 2011 2476 2073 τοὶ1
2521 2005 2787 2095 φαίνειν

662 2116 718 2171 et
780 2111 1152 2192 Φαναῖον,1)
1200 2105 1436 2199 ἐπειδὴ
1486 2106 1789 2197 φαίνεται
1836 2103 1944 2174 οἷεὶ
1991 2108 2148 2190 νέος,
2218 2115 2371 2193 quia
2414 2114 2506 2175 sot
2551 2116 2785 2177 cotidie

663 2220 926 2274 renovat
956 2231 1101 2276 sese.
1191 2212 1395 2277 Porro
1427 2212 1682 2277 Miinzel
1728 2235 1789 2296 p.
1840 2220 1918 2280 32
1965 2213 2139 2278 hunc
2182 2214 2512 2279 Eustathii
2558 2215 2787 2282 locum

664 2317 750 2396 (p.
782 2321 883 2394 86,
915 2315 1026 2398 40)
1058 2315 1459 2399 Apollodoro
1502 2317 1817 2380 reddidit:
1875 2311 2173 2407 Ἀθήνη
2218 2339 2291 2381 τε
2332 2310 2455 2404 γὰρ
2501 2311 2786 2406 ἀλληγο-

665 2422 862 2505 ρικῶς
929 2410 1069 2485 ἀπὸ
1128 2424 1241 2484 τοῦ
1292 2414 1533 2505 οἷθρεῖν
1597 2416 1911 2511 εἰρῆσθαι
1977 2421 2156 2486 δοκεῖ
2201 2414 2289 2499 (ὃς
2335 2427 2790 2509 προαθροῦσα

660 2519 735 2587 τὸ
767 2513 906 2588 οἷον
937 2520 1004 2587 ἐν
1045 2521 1262 2590 σκότει
1310 2522 1420 2588 καὶ
1464 2523 1800 2607 μέλλοντα.
1892 2522 2029 2588 Καὶ
2073 2517 2148 2589 τὸ
2192 2520 2464 2609 γλαυκὸν
2507 2523 2582 2589 δὲ
2627 2517 2791 2591 ἀπὸ

661 2629 774 2691 τοῦ
826 2624 1136 2712 γλαύσσω
1186 2631 1527 2717 παρῆκται
1571 2619 1648 2693 τὸ
1693 2630 1929 2713 θεωρῶ
1982 2625 2092 2691 καὶ
2139 2626 2324 2713 δηλοῖ
2366 2623 2445 2693 τὸ
2490 2623 2790 2693 ὑπόλευ-

661 2749 773 2793 κον
818 2728 928 2795 καὶ
974 2722 1294 2816 εὗόρατον.
1407 2725 1491 2794 Εἰ
1532 2726 1746 2795 τοίνυν
1786 2722 1990 2794 ταύτὰ
2034 2726 2109 2794 τὸ
2156 2728 2497 2815 γλαύσσειν
2542 2729 2653 2794 καὶ
2705 2723 2792 2797 τὸ

661 2824 911 2919 ἀθρεῖν,
979 2828 1104 2914 ἐῇςει
1173 2857 1319 2912 πως
1389 2837 1702 2920 συγγενῶς
1753 2827 1902 2899 κατ’
1958 2825 2124 2897 αὐτὰ
2167 2831 2276 2897 καὶ
2319 2830 2404 2898 τὰ
2450 2828 2522 2913 ἐξ
2563 2827 2792 2899 αὐτῶν

663 2932 1111 3021 παραγόμενα.
1267 2928 1416 3002 Διὸ
1489 2929 1578 3002 τὸ
1651 2928 2118 3023 γλαυκωπὸν
2205 2928 2608 3023 ᾠκείωται
2691 2940 2790 3027 τῇ

655 3031 957 3127 Ἀθηνᾷ
1009 3033 1111 3117 ὥς
1165 3032 1567 3129 ἄθρητικῇ
1623 3036 2066 3123 βλεπτικόν.
2180 3038 2509 3104 Omissum
2556 3045 2791 3106 autem

661 3146 762 3207 est
831 3143 1009 3224 apud
1078 3141 1426 3208 Miillerum
1494 3142 1685 3226 frgm.
1750 3142 2018 3225 aliquod
2075 3145 2140 3207 in
2196 3143 2397 3208 schol.
2449 3143 2635 3209 Pind.
2697 3143 2801 3208 ad‘

662 3244 758 3311 Ol.
806 3244 921 3324 III,
957 3254 1038 3313 54
1082 3246 1430 3328 traditum3
1475 3248 1566 3312 ibi
1613 3247 1786 3312 enim
1829 3245 2029 3310 habet
2072 3246 2429 3311 scholiasta
2469 3237 2790 3331 Ὀρθω-

665 3343 801 3412 σία
847 3339 1234 3438 ἦ”Αρτεμις
1301 3348 1491 3436 παρὰ
1551 3341 1631 3415 τὸ
1690 3342 2079 3434 Ὀρθιόσιον,
2140 3343 2305 3432 ὅπερ
2373 3346 2554 3413 ἐστὶν
2623 3340 2795 3435 ὅρος

656 3441 1037 3536 ,Ἀρκαδίαςς
1092 3453 1210 3518 sod
1256 3453 1422 3517 alius
1467 3445 1822 3540 Ὀρθωσίᾳ,
1891 3457 1972 3540 τῇ
2028 3449 2365 3538 Ἀρτέμιδι
2394 3503 2407 3516 .
2436 3449 2589 3536 περὶ
2660 3456 2795 3542 τῆς

649 3545 1038 3639 ,Ἀρτέμιδος
1076 3547 1584 3642 ,Ἀπολλόδωρος
1627 3554 1883 3642 γράφει.
1993 3547 2327 3641 Ὀρθωσία
2373 3551 2468 3634 δέ,
2515 3549 2619 3618 ὅτι
2669 3551 2794 3641 ὀρ-

663 3659 785 3722 θοῖ
828 3651 921 3735 εἷς
968 3653 1320 3745 σωτηρίαν,
1390 3652 1430 3749 ἢ
1478 3652 1681 3745 ὀρθοῖ
1734 3650 1881 3737 τοὺς
1934 3655 2386 3744 γεννωμένουςς
2452 3677 2607 3723 nam
2655 3658 2796 3724 hoc

803 3916 849 3981 ¹)
885 3913 982 3968 sed
1029 3914 1097 3969 cf.
1135 3914 1347 3982 Osann,
1392 3913 1623 3969 Cornut.
1679 3932 1731 3984 p.
1779 3915 1908 3969 373:
1965 3912 2140 3966 Immo
2187 3912 2390 3982 eyreyie
2427 3918 2578 3982 patet
2624 3916 2793 3984 oriyo

663 3998 833 4052 huius
868 3999 1212 4068 coynom‘emis
1248 4016 1285 4052 a
1311 4004 1508 4069 portus
1543 4005 1593 4053 et
1619 3998 1995 4068 promontorii
2026 3999 2092 4052 in
2135 3997 2268 4053 Chio
2316 3998 2509 4052 ‘insula
2552 4001 2796 4056 nomine

661 4084 831 4138 ducti.
903 4085 1080 4139 Addit
1115 4086 1260 4140 Lud.
1296 4085 1366 4140 de
1400 4085 1507 4140 Ian
1544 4085 1615 4139 ad
1650 4084 1894 4139 Macrob.
1930 4085 1965 4137 l.
2002 4084 2036 4138 l.
2075 4084 2255 4140 Strab.
2291 4084 2458 4152 XIV,
2495 4087 2547 4151 1,
2583 4103 2637 4156 p.
2675 4088 2797 4144 645

666 4170 851 4224 Φάναι
886 4170 1049 4241 λιμὴν
1078 4171 1269 4242 βαθὺς
1304 4177 1398 4224 καὶ
1433 4172 1567 4230 νεώς
1596 4168 1954 4226 Ἀπόλλωνος.
