2969 4832
1034 321 1456 384 -27-

188 485 479 553 fortasse
523 487 649 553 hac
694 507 956 572 quoque
992 486 1059 552 in
1090 506 1162 552 re
1192 486 1487 569 Homeri,
1533 487 1648 572 qui
1679 489 1743 553 Ω
1772 493 1853 557 45
1885 484 2088 570 αἰδώς
2117 488 2302 571 dixit,

190 585 236 681 ἥ
266 582 324 656 τ’
357 581 597 679 ἷίνὸρας
625 589 790 679 μέγα
820 586 1086 657 σίνεται.
1160 590 1590 657 Memorabile
1620 596 1858 669 autem,
1904 591 2083 676 quod
2125 591 2303 658 ultra

187 694 420 760 Iliadis
473 699 542 760 et
587 694 915 778 Odysseae
960 696 1139 761 certe
1184 715 1372 760 usum
1416 694 1737 761 aoristum
1784 694 1908 760 sibi
1952 695 2272 780 permisit.

946 882 1061 949 ΙΠ.
1109 890 1253 951 240.
1298 877 1549 968 πρύλιν.

364 996 597 1069 Λύταὶ
639 995 721 1086 δ’,
775 992 959 1070 Οὗπι
1003 995 1281 1084 ἷίνασσα,
1329 1001 1491 1090 περὶ
1536 1000 1773 1089 πρύλιν
1814 996 2197 1094 ὠρχήσαντο

365 1108 607 1194 πρῶτα
649 1105 771 1191 μὲν
815 1102 882 1172 ἐν
925 1103 1267 1173 σακέεσσιν
1310 1103 1635 1189 ἐνόπλιον,
1683 1096 1846 1174 αὖθι
1889 1107 1964 1175 δὲ
2008 1104 2214 1195 κύκλῳ

368 1206 776 1299 στησάμεναι
817 1201 1011 1297 χορὸν
1055 1202 1249 1298 εὐρύν.

363 1315 574 1380 Locus
607 1318 675 1380 et
701 1334 743 1379 a
773 1312 1098 1380 Meinekio
1130 1317 1198 1380 et
1234 1334 1276 1380 a
1306 1312 1709 1381 Schneidero
1755 1314 1824 1378 in
1869 1313 2300 1398 suspicionem

186 1421 489 1495 vocatus;
558 1423 837 1502 uterque
882 1417 1055 1483 enim
1098 1416 1320 1501 inepte
1366 1416 1498 1482 dici
1551 1416 1830 1502 putabat
1883 1415 2301 1501 pyrrhicham

186 1521 470 1586 saltasse
513 1525 870 1587 Amazones
914 1521 1201 1604 primum
1246 1520 1473 1605 clipeis
1541 1526 1855 1602 armatas,
1920 1525 2153 1604 postea
2205 1519 2301 1585 ita

187 1627 265 1690 ut
290 1623 610 1708 depositis
643 1623 842 1690 armis
876 1622 1152 1708 cyclium
1184 1623 1458 1690 chorum
1488 1623 1959 1700 instituissent;
1991 1623 2302 1707 distingui

188 1728 396 1812 igitur
436 1730 610 1793 inter
651 1726 1072 1811 pyrrhicham
1118 1734 1439 1794 armatam
1488 1732 1554 1794 et
1597 1748 1728 1793 non
1766 1731 2105 1808 armatam,
2153 1747 2301 1792 cum

189 1832 356 1897 haec
408 1830 675 1897 saltatio
727 1852 1064 1916 nunquam
1124 1831 1251 1896 nisi
1304 1830 1391 1896 ab
1459 1831 1732 1896 armatis
1793 1829 2040 1897 saltata
2108 1836 2301 1896 esset.

192 1933 559 2001 Meinekius
602 1934 805 2020 igitur
845 1956 993 2002 cum
1039 1935 1239 2001 etiam
1282 1934 1725 2000 accusativum
1771 1934 2175 2001 desideraret
2216 1932 2302 1999 ad

190 2033 378 2125 περί,
448 2039 725 2105 coniecit
771 2037 929 2128 περὶ
981 2034 1215 2128 βρέτας
1256 2029 1660 2128 ὠρχήσαντο,
1728 2034 1966 2127 πρύλιν
2019 2037 2301 2121 glossam

190 2147 376 2207 ratus
445 2163 526 2208 ex
578 2139 642 2207 h.
687 2142 738 2208 Ι.
786 2149 866 2211 52
932 2140 1210 2207 illatam.
1309 2140 1748 2207 Schneiderus
1813 2145 2035 2207 autem
2103 2139 2299 2207 Galli-

191 2245 499 2311 machum
544 2244 904 2311 arbitratus
959 2244 1286 2311 imitatum
1345 2265 1487 2310 esse
1533 2249 1594 2310 Σ
1630 2251 1755 2313 597
1801 2265 1946 2329 sqq.
1989 2244 2306 2330 proponit

194 2350 433 2437 πρῶτα
472 2346 596 2434 μὲν
637 2346 707 2416 ἐν
750 2345 1143 2433 στιχέεσσιν.
1211 2347 1341 2414 Sed
1385 2367 1615 2414 vereor
1656 2370 1740 2415 ne
1783 2348 1915 2414 vim
1958 2347 2304 2414 attulerint

192 2453 597 2521 Callimacho
627 2453 753 2519 viri
783 2453 1149 2520 doctissimi
1193 2457 1396 2536 atque
1440 2457 1604 2536 puto
1636 2473 1749 2519 eos
1779 2473 1910 2519 non
1942 2451 2300 2519 offensuros

191 2558 423 2639 fuisse,
491 2560 542 2624 si
611 2557 724 2624 ille
792 2557 1166 2643 scripsisset
1221 2561 1340 2622 aut
1394 2559 1628 2644 πρῶτα
1676 2554 1799 2641 μὲν
1854 2554 2013 2643 περὶ
2070 2553 2302 2642 πρύλιν

187 2655 570 2753 ὠρχήσαντο
616 2657 685 2727 ἓν
729 2658 1071 2728 σακέεσσιν
1114 2660 1248 2729 κτλ.
1278 2665 1394 2726 aut
1439 2658 1595 2747 περὶ
1640 2657 1879 2750 πρύλιν
1920 2657 2043 2744 μὲν
2089 2652 2300 2749 ὠρχή-

191 2787 393 2833 σαντο
434 2769 672 2855 πρῶτα
716 2762 784 2831 ἐν
816 2761 1162 2831 σακέεσσιν
1205 2764 1361 2847 κτλ,
1407 2785 1581 2829 nunc
1622 2769 1841 2830 autem
1872 2784 2070 2847 quam
2101 2761 2301 2827 habet

187 2869 539 2936 verborum
585 2867 1105 2950 collocationem,
1162 2873 1265 2933 est
1306 2866 1426 2932 illa
1468 2867 1737 2951 quidem
1781 2887 2013 2952 parum
2070 2866 2298 2950 logica,

187 2979 480 3039 attamen
523 2992 654 3037 non
699 2972 842 3037 sine
887 2971 1218 3055 exemplo;
1263 2990 1417 3036 nam
1458 2969 1541 3037 cf.
1582 2970 1646 3035 h.
1674 2970 1743 3035 in
1771 2969 1985 3055 Apoll.
2019 2969 2161 3038 Del.
2195 2977 2297 3037 80.

435 3071 679 3141 ἐνθάδε
718 3098 836 3160 μιν
880 3077 1151 3163 πρῶτον
1195 3072 1437 3158 τεύξειν
1482 3071 1876 3163 περικαλλέα
1917 3068 2084 3162 νηόν,

433 3173 708 3263 ἔμμεναι
751 3172 1124 3267 ἀνθρώπων
1161 3175 1570 3270 χρηστήριον,
1618 3171 1823 3264 αὐτὰρ
1869 3173 2106 3246 ἔπειτα

434 3278 694 3362 πάντας
739 3274 850 3348 ἐπ’
895 3274 1314 3371 ἀνθρώπους.

184 3389 312 3454 Hic
358 3406 639 3471 quoque,
687 3384 866 3469 quod
912 3381 1158 3452 ἐνθάδε
1200 3386 1486 3470 positum
1531 3389 1632 3453 est
1674 3386 1865 3452 initio
1907 3383 2030 3472 μέν
2067 3386 2298 3451 vocula

186 3512 317 3557 non
362 3489 610 3569 addita,
656 3488 901 3555 dixerit
944 3487 1093 3574 quis
1135 3489 1569 3556 revocandum
1614 3510 1755 3557 esse
1803 3494 1871 3557 et
1908 3489 1993 3555 ad
2038 3492 2298 3578 πρῶτον

187 3601 256 3662 et
298 3594 387 3660 ad
432 3583 638 3682 αὐτὰρ
682 3586 936 3677 ἔπειτα,
984 3592 1104 3661 sed
1148 3612 1301 3659 mox
1343 3593 1594 3659 videbit
1637 3594 1843 3659 solam
1888 3592 1974 3658 ad
2011 3593 2297 3677 priorem

186 3695 508 3765 enuntiati
550 3701 808 3780 partem
852 3718 995 3765 esse
1040 3695 1472 3764 referendum.
1562 3696 1749 3777 Quod
1778 3701 2001 3764 autem
2032 3694 2297 3762 Schnei-

185 3800 385 3868 derus
429 3802 625 3884 putat
668 3799 1062 3868 Callimacho
1108 3822 1255 3866 cum
1297 3800 1462 3867 haec
1507 3800 1827 3867 scriberet
1881 3798 2296 3865 obversatum

185 3926 331 3972 esse
397 3904 783 3986 Homerum,
852 3927 971 3992 ego
1038 3926 1301 3990 quoque
1367 3904 1665 3974 existimo
1719 3925 1761 3969 a
1797 3901 2105 3985 Kaibelio
2158 3904 2293 3968 viro

186 4007 569 4078 doctissimo
616 4008 929 4092 monitus,
998 4008 1115 4077 sed
1159 4008 1362 4075 alium
1413 4009 1629 4076 locum
1672 4007 2045 4095 significare
2089 4006 2295 4076 voluit

179 4115 380 4199 poeta
424 4109 676 4180 doctus.
