2969 4832
971 356 1389 419 ...51-

295 512 337 610 ἣ
383 521 443 590 δ’
492 518 983 611 ὖποδινηθεῖσα
1023 527 1218 609 χοροῦ
1265 514 1708 589 ἀπεπαύσατο
1752 520 1968 611 νύμφη

176 635 255 695 80
300 621 648 709 αὐτόχθων
693 623 911 714 Μελίη
957 625 1068 692 καὶ
1109 621 1437 708 ὖπόχλοον
1482 620 1631 709 ἔσχε
1676 620 1953 718 παρειήν

296 726 523 820 ἥλικος
565 725 1029 814 ἀσθμαίνουσα
1076 728 1230 813 περὶ
1277 727 1487 817 δρυός,
1535 724 1624 808 ὥς
1665 724 1766 795 ἴδε
1805 727 2036 817 χαίτην

297 831 638 922 σειομένην
682 828 1044 911 Ἑλικῶνος.
1093 829 1248 914 ἐμαὶ
1292 832 1469 907 θεαὶ,
1516 828 1768 914 εἴπατε,
1821 838 2109 913 Μοῦσαι,

298 927 341 1027 ἦ
388 929 444 1024 ῥ’
494 934 670 1002 ἐτεὸν
713 935 1009 1022 ἐγένοντο
1055 933 1203 1002 τότε
1248 932 1435 1023 δρύες
1478 930 1671 1026 ἡνίκα
1717 934 2026 1023 Νύμφαις
2093 1004 2100 1011 ,

299 1038 620 1128 ,,Νύμφαι
662 1039 786 1123 μὲν
830 1036 1188 1123 χαίρουσιν,
1238 1033 1347 1105 ὅτε
1390 1036 1587 1125 δρύας
1629 1031 1875 1124 ὄμβρος
1917 1033 2113 1121 ἀέξει,

172 1147 251 1211 85
302 1140 576 1231 Νύμφαι
624 1136 682 1209 δ’
730 1132 810 1208 αὗ
854 1138 1204 1221 κλαίουσιν,
1254 1136 1361 1207 ὅτε
1405 1140 1630 1227 δρυσὶν
1673 1135 1882 1209 οὐκέτι
1928 1142 2183 1230 φύλλα“

132 1245 390 1312 videtur
455 1247 614 1311 mihi
683 1246 843 1313 Call.
911 1245 1085 1310 huno
1152 1245 1367 1309 locum
1435 1266 1517 1310 ex
1583 1245 1928 1312 Homerico
2002 1246 2239 1331 hymno

133 1348 472 1415 laudatum
518 1350 862 1435 respicere.
949 1348 1262 1413 Videmus
1319 1354 1538 1412 autem
1588 1347 1975 1415 Callimachi
2021 1371 2239 1415 musas

134 1452 313 1518 aliud
382 1453 842 1537 respondere1)
896 1456 1094 1536 atque
1160 1451 1383 1537 hymni
1448 1457 1741 1534 poetam3
1810 1453 1988 1536 apud
2054 1452 2242 1518 illum

134 1559 297 1621 enim
341 1577 474 1622 non
507 1556 879 1622 moriuntur
908 1553 1232 1639 nymphae
1262 1575 1396 1619 una
1427 1576 1575 1619 cum
1605 1555 1974 1638 arboribus,
2019 1557 2247 1640 lugent

137 1659 592 1726 tantummodo
632 1659 862 1724 harum
899 1658 1169 1740 obitum,
1216 1659 1332 1723 sed
1362 1678 1495 1723 una
1533 1680 1682 1724 cum
1728 1659 1821 1724 eis
1866 1665 2243 1740 naseuntur,

135 1784 281 1828 nam
331 1750 483 1853 ἧλιξ
526 1769 628 1828 est
672 1763 824 1849 δρῦς
868 1765 948 1844 (v,
981 1765 1106 1843 81).
1128 1767 1176 1843 ²)
1249 1766 1464 1846 Atque
1511 1762 1742 1828 eodem
1788 1761 1984 1827 modo
2030 1783 2135 1828 res
2174 1784 2246 1828 se

132 1864 329 1930 habet
394 1866 571 1950 apud
617 1864 979 1949 Apollon.
1048 1863 1286 1930 Rhod.
1333 1864 1414 1932 11.
1473 1872 1629 1944 476,
1697 1864 1814 1930 ubi
1869 1865 2153 1931 Phineus
2210 1887 2244 1931 e

136 1968 432 2035 Paraebii
477 1969 690 2054 patris
736 1969 872 2034 vita
916 1967 1075 2033 talia
1119 1974 1375 2033 narrat·
2331 1980 2334 1985 ·

836 2061 873 2140 ο
918 2095 1037 2159 γαρ
1083 2063 1218 2150 οἶος
1262 2068 1330 2136 ἐν
1376 2062 1593 2156 ούρεσι
1638 2069 1907 2160 δένδρεα
1950 2071 2202 2157 τέμνων

346 2173 432 2265 δή
478 2169 649 2242 ποθ’
699 2170 1120 2261 ἆμαδρυαδος
1162 2171 1413 2262 νύμφης
1457 2168 1730 2261 ἀθέριξε
1770 2173 2026 2256 λιτάων,

350 2274 392 2368 ἤ
434 2304 552 2362 μιν
599 2272 954 2366 ὀδυρομένη
1000 2271 1205 2365 ἀδινῷ
1251 2274 1634 2362 μειλίσσετο
1675 2277 1895 2365 μύθῳ,

345 2374 439 2472 μὴ
484 2379 749 2467 ταμέειν
794 2379 1084 2467 πρέμνον
1130 2376 1322 2470 δρυὸς
1365 2376 1606 2471 ἥλικος,
1656 2368 1769 2471 ᾗ)
1743 2378 1859 2448 ε’πι
1904 2376 2149 2448 πουλυν

175 2490 300 2551 430
348 2480 555 2551 αι’ῶνα
598 2481 896 2573 τρίβεσκε
942 2483 1266 2572 διηνεκές·
1292 2478 1494 2571 αὐτὰρ
1539 2510 1575 2551 ο
1618 2483 1807 2577 τήνγε

349 2584 693 2677 αφραδέως
739 2585 1005 2674 ἔτμηξεν
1047 2581 1355 2676 αγηνορίῃ
1400 2586 1723 2676 νεότητος.

346 2696 442 2780 τῷ
488 2684 622 2757 δ”
595 2683 721 2777 ἄρα
764 2691 1037 2781 νηκερδῆ
1078 2688 1294 2779 νύμφη
1339 2688 1540 2777 πόρεν
1585 2683 1759 2757 οἶτον
1802 2687 2072 2758 ὀπίσσω

350 2788 527 2883 αὐτῷ
577 2794 685 2860 καὶ
730 2792 1083 2861 τεκέεσσιν.

137 2897 259 2964 Hic
305 2919 566 2983 quoque
611 2899 766 2985 δρῦς
811 2903 912 2964 est
957 2883 1121 2987 ἧλιξ,
1168 2918 1384 2981 neque
1426 2898 1715 2983 nympha
1752 2897 1895 2965 obit
1938 2920 2072 2964 una
2100 2921 2245 2965 cum

137 3000 472 3084 arbore,⁸)
528 3003 726 3067 immo
788 3000 1166 3085 superbiam
1228 3000 1510 3066 hominis
1578 3001 1815 3067 nefarii
1882 3003 2246 3069 ulciscitur.

133 3103 205 3168 In
251 3105 503 3171 scholio
551 3109 773 3170 autem
804 3126 862 3171 a.
895 3104 956 3173 h.
989 3104 1031 3169 1.
1065 3106 1179 3190 (--·
1212 3103 1409 3169 schol.
1442 3104 1710 3170 Theocr.
1742 3105 1857 3171 111.
1897 3114 1992 3187 13,
2021 3136 2108 3162 =
2141 3106 2244 3170 Et.

134 3206 343 3292 Magn.
409 3216 522 3290 ¹75,
590 3214 698 3291 30)
765 3208 1072 3293 legimus:
1148 3200 1581 3295 ἁμαδρυάδας
1659 3205 1915 3298 νύμφας
1981 3205 2249 3299 Μνησί-

277 3384 327 3446 ¹)
363 3396 495 3434 nam
530 3398 616 3435 vv.
655 3378 725 3434 84
760 3395 839 3450 sq.
875 3378 1156 3435 continere
1197 3395 1530 3452 responsum
1576 3378 1870 3434 Musarum
1921 3384 2067 3435 recte
2110 3379 2249 3435 vidit

138 3464 356 3535 primus
390 3464 461 3521 de
494 3466 883 3522 Wilamowitz.

270 3555 320 3617 ⁹)
357 3552 450 3607 Ita
478 3552 649 3607 etiam
676 3551 996 3621 Nonnus,
1033 3552 1130 3622 qui
1154 3551 1321 3606 Dion.
1347 3550 1425 3606 ΙΙ.
1451 3553 1522 3607 92
1556 3569 1665 3624 seq.
1690 3556 1877 3624 aperte
1910 3551 2062 3607 hune
2083 3551 2250 3607 Oani-

135 3636 319 3692 machi
353 3637 540 3693 locum
575 3637 831 3692 imitatur
865 3637 955 3706 (of.
992 3638 1162 3693 etiam
1190 3655 1238 3692 v.
1264 3639 1333 3693 98
1369 3636 1459 3696 εἷς
1494 3636 1695 3711 δρόμος
1729 3642 1877 3692 ἔστω
1911 3633 2250 3710 ἀμφοτέραις

136 3727 190 3778 et
222 3722 371 3780 Gall.
405 3741 457 3779 v.
496 3724 567 3780 75
602 3725 764 3795 φεῦγε
812 3730 906 3776 καὶ
946 3720 1136 3789 Ἀονίη
1180 3722 1283 3776 τὸν
1328 3728 1361 3776 ἕ
1366 3745 1446 3776 να
1494 3722 1723 3797 δρόμον)
1768 3724 1920 3779 huno
1961 3723 2252 3791 intellexit,

139 3814 201 3864 ut
234 3809 669 3881 Hamadryades
717 3824 830 3863 non
867 3810 1178 3864 moriantur
1211 3826 1329 3864 una
1372 3826 1504 3865 oum
1549 3810 1838 3865 arboribus
1879 3809 1998 3865 suis
2013 3851 2026 3878 ‚
2076 3811 2250 3865 immo

138 3894 362 3968 fugiunt
395 3898 590 3953 arbore
625 3894 803 3962 obita;
840 3900 1007 3968 atque
1041 3894 1236 3950 itidem
1271 3895 1584 3951 XXXVII.
1620 3897 1704 3952 20.

276 3984 322 4051 ⁸)
357 3982 477 4038 etsi·
497 3981 670 4039 schol.
721 3982 828 4037 hoc
862 3981 1064 4048 cred-iim
1109 3998 1241 4037 nam
1286 3981 1425 4037 dicit
1468 3987 1928 4055 συγγεγεννημένη
1961 3984 2068 4056 γὰρ
2114 3974 2249 4036 οὖσα

141 4065 238 4120 ἐᾶν
291 4070 521 4142 έκκοπῇ,
574 4075 882 4141 παραιτίαν
936 4065 1079 4141 αὐτῇ
1135 4069 1373 4122 ἔσεσθαι
1424 4068 1706 4132 θανάτους
1760 4069 1857 4124 sed
1910 4069 1977 4124 cf.
2024 4066 2251 4141 νηκερδῆ

141 4151 321 4225 νύμφη
357 4154 531 4229 πόρεν
569 4154 725 4207 οἶτον
762 4153 1026 4208 ὀπίσσω
1070 4154 1226 4223 αὐτῷ
1262 4155 1372 4209 κτλ.
