2969 4832
1469 357 1888 417 -56-

1180 520 1228 584 I.
1285 529 1386 587 53.
1410 517 1655 602 τεύχεα
1701 521 2168 612 πεπλήγοντες.

794 638 1052 705 Similes
1102 640 1367 706 'formas
1433 639 1710 724 legimus
1757 645 1846 707 M
1899 650 2018 711 125
2086 635 2240 723 ὀξέα
2303 642 2764 735 κεκλήγοντες,

623 747 702 807 Π
756 749 882 810 430
945 741 1380 834 κεκλήγοντες,
1450 749 1511 809 Ρ
1552 751 1675 812 ’756
1734 750 1801 810 et
1855 752 1979 814 ’759
2043 735 2229 812 οὖλον
2295 747 2757 836 κεκλήγοντες.

619 845 758 909 Iam
799 844 999 915 schol.
1030 851 1086 914 A
1116 847 1203 912 ad
1235 852 1323 913 M
1354 854 1473 915 125
1522 847 1714 913 dicit:
1759 846 2170 939 κεκλήγοντες
2214 844 2300 928 ὠς
2344 844 2718 940 ἄρήγοντες
2744 876 2759 889 ·

618 941 688 1012 οὗ
741 944 862 1035 γὰρ
918 941 995 1014 τὸ
1050 947 1421 1038 κεκληγότες
1488 947 1851 1016 ἐπλεόνασε
1903 956 2001 1038 τῷ
2053 976 2114 1031 ν,
2186 945 2336 1019 οὐδὲ
2403 946 2590 1039 παρὰ
2676 951 2762 1021 τὸ

618 1041 815 1131 ,,ὂξέα
859 1050 1218 1139 κεκληγώς“
1263 1048 1525 1140 ἐκλίθη,
1585 1045 1750 1118 ἀλλὰ
1795 1047 1985 1140 παρὰ
2028 1047 2108 1120 τὸ
2153 1051 2429 1141 κέκληγα
2474 1053 2760 1141 γέγονεν

619 1146 654 1218 ὁ
701 1147 973 1233 ένεστώς
1018 1152 1327 1246 κεκλήγω,
1375 1151 1466 1235 ιῦς
1512 1153 1699 1243 παρὰ
1742 1153 1821 1245 τὸ
1870 1149 2089 1241 amaya
2132 1148 2371 1242 ἇνώγω,
2418 1156 2762 1246 πέπληγα

618 1253 962 1346 πεπλήγω,
1008 1252 1201 1324 ἔνθεν
1243 1254 1323 1326 τὸ
1367 1257 1790 1346 ,,ἕπέπληγον
1835 1255 2040 1337 πόδες
2081 1259 2380 1325 ἵππων“.
2455 1253 2758 1327 ἀκόλου-

615 1364 747 1438 θος
794 1358 869 1424 δὲ
913 1364 1010 1448 τῷ
1050 1358 1337 1451 κεκλήγω
1380 1359 1623 1452 μετοχὴ
1665 1358 1704 1452 ἡ
1736 1357 2055 1451 κεκλήγων
2082 1360 2495 1450 βαρυνομένη,
2539 1358 2759 1431 ἐνθεν

614 1457 694 1529 τὸ
748 1461 1178 1555 κεκλήγοντες.
1267 1469 1486 1549 Atque
1543 1465 1961 1530 Aristarchus
2008 1464 2273 1548 quidem
2317 1464 2475 1531 locis
2527 1487 2754 1550 supra

621 1565 974 1631 nominatis
1048 1567 1117 1631 in
1192 1569 1412 1652 priore
1489 1568 1780 1634 editione
1855 1566 2025 1632 hanc
2097 1572 2380 1633 veterem
2452 1569 2754 1636 formam

626 1666 1056 1759 κεκλήγοντες,
1125 1691 1319 1755 quam
1387 1670 1577 1736 nobis
1643 1675 1933 1737 testatur
2000 1671 2196 1736 etiam
2257 1671 2467 1756 Etym.
2513 1673 2750 1756 Magn.

614 1792 679 1854 p.
725 1778 869 1853 500,
917 1779 953 1840 3
1003 1777 1069 1838 et
1098 1772 1397 1842 Eustath.
1438 1782 1620 1855 1126,
1668 1782 1770 1854 42,
1820 1774 2107 1858 agnovit,
2152 1774 2221 1838 in
2253 1774 2465 1842 altera
2507 1782 2752 1843 autem

615 1876 993 1940 recensione
1048 1875 1312 1960 scripsit
1367 1877 1774 1964 κεκληγῶτες.
1863 1874 1960 1942 Cf.
2008 1876 2209 1943 schol.
2256 1878 2312 1942 A
2359 1879 2442 1943 ad
2486 1885 2558 1944 Π
2600 1885 2750 1948 430

616 1974 1031 2069 κεκλήγοντες
1067 1999 1083 2015 ·
1115 1976 1182 2045 ἐν
1237 1984 1319 2068 τῇ
1382 1975 1573 2070 ἑτέρᾳ
1638 1985 1768 2045 τῶν
1835 1974 2263 2066 Ἀριστάρχου
2321 1982 2743 2068 κεκληγῶτες,

615 2079 701 2144 ad
768 2101 938 2163 quae
1005 2083 1207 2148 verba
1267 2083 1456 2149 addit
1523 2083 1723 2150 schol.
1791 2083 1849 2147 V
1903 2088 1972 2148 et
2036 2082 2280 2149 Townl.
2351 2080 2555 2164 οὕτως
2617 2085 2748 2151 καὶ

617 2179 688 2249 αἱ
761 2181 1029 2265 πλείους
1103 2191 1171 2251 et
1241 2186 1329 2251 ad
1403 2187 1443 2268 ξ
1516 2193 1598 2254 30
1671 2184 2061 2272 κεκληγῶτες
2136 2183 2250 2252 καὶ
2323 2184 2748 2277 κεκλήγοντες

618 2286 820 2368 διχῶς
863 2283 935 2353 αἱ
979 2282 1430 2378 Ἀριστάρχου.
1522 2287 1994 2355 Callimachum
2049 2293 2269 2354 autem
2313 2290 2526 2373 ipsum
2572 2311 2745 2375 quo·

617 2411 741 2476 que
809 2393 1120 2458 statuisse
1187 2413 1499 2477 praesens
1569 2389 1896 2482 πεπλήγω
1951 2412 1987 2458 e
2055 2390 2349 2477 perfecto
2417 2390 2746 2482 πέπληγα

616 2493 968 2559 formatum
1026 2494 1335 2561 discimus
1388 2518 1467 2563 ex
1511 2495 1637 2562 hoc
1699 2494 1874 2574 loce,
1941 2500 2140 2579 atque
2192 2495 2387 2561 simul
2438 2496 2741 2564 videmus

616 2599 784 2663 sicut
829 2598 1149 2664 scholium
1204 2598 1369 2664 illud
1423 2598 1510 2665 ad
1555 2604 1644 2665 M
1689 2606 1808 2667 125
1857 2597 2289 2683 adscriptum,
2359 2620 2394 2664 e
2441 2621 2572 2684 quo
2634 2600 2739 2666 lo-

619 2706 925 2784 quentem
971 2701 1272 2769 audimus
1320 2702 1797 2783 Herodianum,
1844 2685 2047 2769 etiam
2091 2702 2568 2770 Callimachum
2611 2726 2738 2788 pu-

616 2808 789 2870 tasse
822 2804 1096 2870 formam
1128 2802 1508 2893 ἐπέπληγον
1538 2809 1598 2872 Ε
1618 2812 1745 2874 504
1770 2805 2128 2871 derivatam
2161 2826 2302 2871 esse
2334 2826 2375 2871 a
2406 2806 2737 2898 πεπλήγω

615 2927 764 2991 non,
811 2910 988 2993 quod
1034 2930 1260 2974 verum
1307 2914 1424 2990 est,
1470 2909 1553 2974 ab
1602 2905 2092 2998 ἐπιπλήσσω.1)

788 3012 930 3078 Iam
973 3011 1213 3095 legitur
1255 3014 1322 3077 in
1376 3011 1576 3078 schol.
1624 3011 1677 3075 B
1726 3011 1810 3078 ad
1856 3015 1918 3075 B
1948 3018 2089 3084 ‚264
2136 3010 2496 3100 πεπληγώς
2520 3034 2535 3049 ·
2560 3012 2738 3094 τινὲς

617 3110 972 3203 πεπληγών
1012 3110 1099 3194 ὡς
1140 3106 1218 3181 τὸ
1262 3111 1649 3203 ,,πέπληγον
1695 3114 1769 3181 δὲ
1813 3107 2006 3202 χορὸν
2050 3112 2370 3197 ποσσίνίί,
2431 3115 2546 3182 ubi
2600 3119 2734 3182 iam

616 3216 913 3287 Schneid.
958 3217 991 3282 I
1036 3226 1115 3287 53
1164 3224 1230 3285 et
1275 3218 1594 3285 Christius
1650 3239 1708 3284 a.
1755 3217 1817 3285 h.
1860 3239 1915 3286 v,
1962 3220 2387 3291 coniecerunt
2444 3220 2734 3285 scriben-

617 3320 772 3387 dum
818 3341 962 3386 esse
1009 3319 1389 3412 πεπλήγων.
1460 3321 1641 3387 Haec
1674 3322 2049 3387 coniectura
2079 3323 2134 3386 si
2165 3341 2320 3386 vera
2350 3325 2472 3403 est,
2516 3343 2735 3388 nonne

614 3426 1032 3507 perspicuum
1063 3425 1322 3490 videtur
1358 3426 1531 3491 hanc
1562 3428 1951 3509 scripturam
1983 3423 2450 3490 Callimachum
2497 3426 2734 3510 legisse

616 3547 764 3592 cum
825 3526 1142 3594 scriberet
1206 3526 1431 3611 τεύχεα
1500 3525 1949 3619 πεπλήγοντες
2015 3548 2269 3612 suaque
2336 3531 2734 3596 auctoritate

615 3651 759 3695 eam
805 3630 1038 3698 fulcire
1084 3631 1409 3697 voluisse?

761 3889 804 3959 ²)
844 3889 1105 3945 Ceterum
1129 3890 1340 3943 Aratus
1365 3888 1453 3957 (cf.
1481 3888 1739 3945 Schneid.
1766 3888 1815 3958 Ι,
1838 3905 1891 3960 p.
1921 3888 2043 3955 151)
2068 3903 2183 3942 non
2208 3888 2492 3959 scripsisse
2514 3888 2735 3943 videtur

616 3972 1004 4047 πεπλήγοντες,
1041 3991 1171 4030 cum
1189 3980 1266 4042 M,
1290 3991 1456 4046 quem
1491 3974 1697 4031 librum
1722 3974 1952 4030 unicum
1989 3974 2420 4029 fundamentum
2454 3974 2516 4028 in
2549 3990 2732 4029 recen-

625 4062 796 4118 sendo
830 4062 1008 4117 Arato
1044 4078 1163 4117 esse
1197 4060 1390 4117 docuit
1423 4062 1705 4119 Maassius
1740 4062 1799 4117 in
1835 4060 2033 4117 Herm.
2068 4060 2240 4130 XIX,
2275 4078 2329 4136 p.
2366 4060 2487 4131 100,
2529 4060 2734 4120 habeat

616 4146 1058 4216 ἐπιπλήσσοντες.
