2969 4832
990 355 1084 380 -—.
1166 326 1240 385 17
1335 356 1424 380 -.

147 494 591 578 περιπαθῶς,
660 481 798 558 οἷον
849 493 967 557 τοῦ
1020 488 1222 580 φόνου
1278 488 1388 556 καὶ
1431 494 1545 556 τοῦ
1589 485 1931 575 ἓλκυσμοῦ,
2003 480 2142 555 ἀλλ’
2192 485 2263 554 ἐκ

145 599 276 677 τῶν
324 592 723 683 πορρωτέρω
768 591 1299 683 προοιμιάζεται,
1369 590 1690 682 πατρίδος
1727 591 2099 682 μεμνημένη
2149 590 2257 658 καὶ

145 693 484 786 προγόνων
527 696 639 763 καὶ
682 695 876 786 τύχης
919 699 1231 778 παλαιᾶς,
1287 718 1487 781 quam
1535 697 2039 781 explicationem
2084 696 2269 760 inve-⁴

144 803 365 866 nimus
434 801 611 884 apud
682 802 1014 882 Eustath.‚
1049 873 1052 874 7
1083 802 1202 885 Ap.
1269 800 1496 885 Soph.‚
1564 801 1747 880 Hes„
1811 798 2010 865 schol.
2066 798 2140 862 B.
2195 803 2262 862 et

146 903 409 984 'l'own].‚
455 903 559 968 Et.
605 904 822 988 Magn.
911 905 1093 969 Haec
1134 905 1337 990 igitur
1380 903 1541 969 nihil
1585 925 1698 972 nos
1743 904 1986 968 iuvant.
2155 936 2158 939 ⁴

325 1005 463 1070 Iam
528 1027 680 1072 vero
747 1000 1122 1095 ἀμβολάδην
1197 1006 1583 1073 vocabulum
1652 1005 2018 1090 explicatur
2084 1005 2259 1089 apud

148 1109 355 1188 Suid„
403 1109 574 1191 Hes„
622 1111 728 1179 Et.
775 1112 1011 1195 Magn„
1058 1110 1388 1191 Eustath.;
1457 1115 1661 1192 atque
1707 1129 1930 1174 omnes
1975 1095 2264 1174 reddunt

144 1234 265 1297 per
312 1204 730 1299 ἀναβάλλων,
800 1213 980 1298 quod
1027 1213 1107 1278 de
1152 1213 1353 1279 bullis
1407 1214 1582 1278 a'eris
1627 1214 1690 1277 in
1740 1233 1914 1297 aqua
1971 1212 2260 1298 fervente

149 1315 585 1381 emicantibus
652 1316 1164 1401 intellegendum
1233 1322 1350 1382 est.
1478 1317 1689 1400 Etym.
1757 1320 1980 1381 autem
2047 1314 2262 1398 Magn.

146 1418 341 1484 addit
384 1410 427 1509 ’ἡ
475 1416 559 1501 ἐξ
601 1414 1025 1511 ὑποβολῆς.

322 1523 503 1587 Haec
547 1526 743 1590 verba
773 1524 841 1588 in
871 1528 1154 1589 mentem
1201 1520 1389 1587 nobis
1435 1522 1749 1605 redigunt
1792 1523 2011 1588 locum
2058 1541 2259 1604 quen-

149 1627 305 1692 dam
361 1625 542 1709 apud
588 1626 770 1711 Diog.
818 1627 1035 1693 Laert.
1082 1625 1134 1690 1.
1180 1631 1348 1706 57,1)
1418 1625 1531 1709 qui
1578 1624 1659 1689 de
1705 1625 2071 1690 Homericis
2118 1644 2260 1689 car-

146 1729 436 1794 minibus
472 1728 918 1793 declamandis
950 1729 1117 1812 agit:
1161 1726 1259 1794 Τά
1286 1751 1357 1794 τε
1395 1722 1670 1818 Ὁμήρου
1701 1725 1774 1810 ἐξ
1798 1722 2135 1817 ὑποβολῆς
2163 1719 2263 1813 γέ-

146 1855 355 1920 γραφε
401 1831 613 1916 (Solo)
661 1833 1169 1921 ῥαψῳδεῖσθαι,
1234 1822 1375 1898 οἷον
1418 1826 1588 1896 ὅπου
1633 1825 1668 1897 ὃ
1714 1836 1983 1919 πρῶτος
2027 1825 2258 1918 ἔληξεν,

145 1934 410 2002 ἐκεῖθεν
478 1927 810 2019 ἄρχεσθαι
862 1927 976 2002 τὸν
1029 1931 1363 2018 ἐχόμενονς
1427 1956 1558 2017 quo
1617 1954 1766 1999 cum
1810 1934 1954 2000 loco
2000 1954 2261 2017 compo-

146 2038 367 2105 nenda
414 2044 515 2102 est
559 2039 897 2122 inscriptio
943 2038 1058 2103 illa
1089 2038 1246 2102 Teia
1289 2038 1382 2119 (C.
1429 2038 1477 2101 Ι.
1526 2036 1603 2102 G.
1648 2038 1727 2102 ΙΙ.
1775 2042 1984 2120 3088),
2030 2038 2098 2101 in
2131 2057 2261 2120 qua

146 2142 229 2208 de
274 2141 458 2206 ludis
503 2142 814 2224 gymnicis
861 2146 929 2206 et
970 2142 1233 2206 musicis
1277 2141 1524 2224 agitur.
1603 2141 1727 2205 Hic
1773 2140 1942 2205 enim
1987 2140 2259 2223 legimus

143 2266 384 2329 pueros
463 2241 666 2333 μέσης
731 2240 988 2335 ἡλικίας
1065 2244 1421 2310 examinari
1489 2244 1557 2307 in
1623 2238 1947 2332 ὑποβολῇ,
2022 2264 2260 2327 pueros

147 2344 601 2439 πρεσβυτέρας
665 2342 919 2440 ἡλικίας
971 2348 1038 2412 in
1094 2342 1392 2436 ὑποβολῐ
1437 2353 1506 2411 et
1549 2339 2012 2413 ἀνταποδόσει.
2123 2347 2260 2411 Iam

143 2473 299 2518 vero
334 2451 418 2516 de
450 2450 925 2536 significatione
970 2451 1151 2516 verbi
1193 2446 1496 2542 ὑποβολή
1539 2474 1774 2537 magna
1819 2452 2264 2519 controversia

148 2560 384 2622 exorta
442 2561 568 2634 est,
641 2555 721 2620 de
779 2576 908 2639 qua
953 2554 1033 2620 cf.
1079 2555 1396 2621 Boeckhii
1464 2555 1953 2623 adnotationem
2010 2577 2066 2619 a.
2111 2555 2171 2619 h.
2218 2556 2259 2620 1.

146 2665 365 2743 Atque
414 2657 574 2722 mihi
621 2657 911 2742 quidem,
971 2663 1046 2722 ut
1092 2659 1313 2723 statim
1360 2659 1574 2725 dicam
1623 2659 1800 2743 quod
1844 2659 2081 2740 sentiO,
2127 2660 2260 2725 Leo

149 2762 434 2828 Allatius
481 2759 584 2839 (de
629 2763 849 2844 patria
889 2762 1081 2828 Hom.
1114 2782 1253 2845 cap.
1286 2764 1353 2846 5)
1399 2784 1538 2828 rem
1583 2783 1704 2827 acu
1749 2762 2043 2845 tetigisse
2091 2763 2264 2828 vide-

148 2870 287 2946 tur,
346 2864 456 2930 cui
503 2864 949 2929 assentiuntur
983 2865 1193 2930 etiam
1244 2864 1517 2931 Wolfius
1563 2864 1846 2949 (Proleg.
1893 2887 1955 2949 p.
2006 2871 2143 2948 140,
2191 2870 2260 2951 4)

150 2976 214 3035 et
260 2967 636 3034 Boeckhius
680 2966 721 3031 1.
767 2964 827 3048 1.,
871 2969 992 3034 viri
1038 2969 1314 3053 egregii3
1377 2970 1853 3052 interpretatus
1907 2971 2075 3037 enim
2133 2976 2260 3035 est:

149 3077 237 3137 ita
269 3073 552 3136 utalius
582 3073 699 3135 alii
727 3075 1104 3152 succederet,
1150 3094 1281 3153 seu,
1328 3075 1439 3137 ubi
1480 3093 1647 3136 unus
1694 3075 1973 3137 desiisset
2017 3094 2262 3153 canere,

152 3178 316 3240 alter
346 3177 516 3254 iude,
562 3176 726 3258 quod
760 3185 1146 3258 sequeretur,
1193 3180 1639 3259 auspicaretur
1683 3181 1866 3240 ratus
1886 3179 1934 3260 2)
1982 3173 2056 3257 ἐξ
2099 3172 2264 3242 ὑπο-

152 3279 351 3369 βολῆς
396 3273 572 3342 idem
618 3299 762 3343 esse
809 3278 983 3362 quod
1031 3279 1204 3362 apud
1249 3279 1352 3343 Ps.
1383 3279 1548 3343 Plat.
1581 3278 1939 3362 Hipparch.
1987 3301 2048 3362 p.
2081 3280 2260 3348 228b

156 3381 401 3445 dictum
447 3381 534 3445 sit
564 3380 646 3446 de
677 3382 1082 3469 Hipparcho:
1129 3374 1639 3472 ἦνάγκασετοὺς
1684 3378 2038 3469 ῥαψῳδοὺς
2082 3389 2263 3448 Παν-

158 3479 512 3570 αθηναίοις
555 3481 636 3566 ἐξ
675 3479 1154 3576 ὑπολήψεως
1200 3483 1435 3576 ἐφεξῆς
1494 3478 1659 3550 αὐτὰ
1720 3482 1975 3567 διιέναι,
2033 3481 2262 3574 ὥσπερ

159 3589 258 3651 νῦν
304 3581 402 3652 ἔτι
447 3576 584 3651 οἶδε
628 3593 914 3654 ποιοῦσι.

241 3706 246 3717 “
325 3689 465 3753 Iam
499 3693 862 3772 quaeritur,
905 3692 1196 3777 possitne
1243 3691 1365 3755 hoc
1413 3690 1780 3773 significare
1814 3688 1888 3772 ἐξ
1915 3684 2259 3781 ὑποβολῆς.

162 3790 233 3855 Id
278 3791 457 3875 quod
503 3791 603 3857 his
649 3793 847 3859 etiam
893 3794 1123 3861 diebus
1168 3796 1234 3858 in
1283 3794 1605 3863 acerrima
1644 3793 2058 3859 contentione
2089 3795 2261 3877 posi-

298 4036 339 4103 1)
374 4056 442 4082 =
480 4032 634 4089 Suid.
671 4049 713 4086 s.
750 4048 800 4087 v.
835 4031 1093 4101 ὑποβολή.

298 4122 340 4186 ²)
378 4127 444 4174 ut
478 4119 707 4175 Godofr.
742 4120 1089 4173 Hermannus
1126 4135 1211 4189 op.
1253 4117 1389 4185 VII,
1424 4118 1492 4172 83
