<?xml version="1.0" encoding="UTF-8"?>
<!DOCTYPE html PUBLIC "-//W3C//DTD XHTML 1.0 Transitional//EN"
    "http://www.w3.org/TR/xhtml1/DTD/xhtml1-transitional.dtd">
<html xmlns="http://www.w3.org/1999/xhtml" xml:lang="en" lang="en">
 <head>
  <title>
</title>
<meta http-equiv="Content-Type" content="text/html;charset=utf-8" />
  <meta name='ocr-system' content='tesseract 3.04.00' />
  <meta name='ocr-capabilities' content='ocr_page ocr_carea ocr_par ocr_line ocrx_word'/>
</head>
<body>
  <div class='ocr_page' id='page_1' title='image "./decallimachohom00iangoog_0089.png"; bbox 0 0 2969 4832; ppageno 0'>
   <div class='ocr_carea' id='block_1_1' title="bbox 953 362 1373 423">
    <p class='ocr_par' dir='ltr' id='par_1_1' title="bbox 953 362 1373 423">
     <span class='ocr_line' id='line_1_1' title="bbox 953 362 1373 423; baseline 0 -19"><span class='ocrx_word' id='word_1_1' title='bbox 953 362 1373 423; x_wconf 77' lang='grc'><strong>...87-</strong></span> 
     </span>
    </p>
   </div>
   <div class='ocr_carea' id='block_1_2' title="bbox 87 526 2222 1027">
    <p class='ocr_par' dir='ltr' id='par_1_2' title="bbox 87 526 2222 1027">
     <span class='ocr_line' id='line_1_2' title="bbox 89 526 1827 616; baseline -0.003 -20"><span class='ocrx_word' id='word_1_2' title='bbox 89 607 112 616; x_wconf 30' lang='lat'><strong>..</strong></span> <span class='ocrx_word' id='word_1_3' title='bbox 517 526 801 595; x_wconf 70' lang='lat' dir='ltr'><strong>Gallim:</strong></span> <span class='ocrx_word' id='word_1_4' title='bbox 1611 527 1827 592; x_wconf 85' lang='lat' dir='ltr'><strong>Hom.:</strong></span> 
     </span>
     <span class='ocr_line' id='line_1_3' title="bbox 143 625 2222 719; baseline 0.003 -29"><span class='ocrx_word' id='word_1_5' title='bbox 143 626 298 712; x_wconf 87' lang='lat' dir='ltr'><strong>frgm.</strong></span> <span class='ocrx_word' id='word_1_6' title='bbox 350 637 478 697; x_wconf 84' lang='lat'><strong>476</strong></span> <span class='ocrx_word' id='word_1_7' title='bbox 547 628 632 696; x_wconf 81' lang='grc' dir='ltr'><strong>τὰ</strong></span> <span class='ocrx_word' id='word_1_8' title='bbox 695 629 817 715; x_wconf 80' lang='grc' dir='ltr'><strong>μὲν</strong></span> <span class='ocrx_word' id='word_1_9' title='bbox 882 625 1108 697; x_wconf 73' lang='grc' dir='ltr'><strong><em>οἴκοθι</em></strong></span> <span class='ocrx_word' id='word_1_10' title='bbox 1222 654 1257 697; x_wconf 95' lang='grc' dir='ltr'><strong><em>ο</em></strong></span> <span class='ocrx_word' id='word_1_11' title='bbox 1301 635 1425 698; x_wconf 86' lang='grc'>412</span> <span class='ocrx_word' id='word_1_12' title='bbox 1459 627 1612 713; x_wconf 87' lang='grc' dir='ltr'><strong><em>δίχα</em></strong></span> <span class='ocrx_word' id='word_1_13' title='bbox 1651 628 1728 696; x_wconf 90' lang='grc' dir='ltr'><strong>δέ</strong></span> <span class='ocrx_word' id='word_1_14' title='bbox 1768 652 1961 719; x_wconf 83' lang='grc' dir='ltr'><strong><em>σφισι</em></strong></span> <span class='ocrx_word' id='word_1_15' title='bbox 2001 627 2222 697; x_wconf 81' lang='grc' dir='ltr'><strong><em>πάντα</em></strong></span> 
     </span>
     <span class='ocr_line' id='line_1_4' title="bbox 87 729 1733 817; baseline 0.001 -20"><span class='ocrx_word' id='word_1_16' title='bbox 87 799 88 806; x_wconf 17' lang='lat'>¹</span> <span class='ocrx_word' id='word_1_17' title='bbox 324 729 551 799; x_wconf 79' lang='grc' dir='ltr'><strong><em>πάντα</em></strong></span> <span class='ocrx_word' id='word_1_18' title='bbox 598 731 915 801; x_wconf 79' lang='grc' dir='ltr'><strong><em>δέδασται</em></strong></span> <span class='ocrx_word' id='word_1_19' title='bbox 938 737 988 817; x_wconf 86' lang='lat'><strong>¹)</strong></span> <span class='ocrx_word' id='word_1_20' title='bbox 1392 733 1733 799; x_wconf 78' lang='grc' dir='ltr'><strong><em>δέδασται.</em></strong></span> 
     </span>
     <span class='ocr_line' id='line_1_5' title="bbox 87 826 1976 928; baseline 0.004 -32"><span class='ocrx_word' id='word_1_21' title='bbox 87 913 88 916; x_wconf 9' lang='lat'>¹</span> <span class='ocrx_word' id='word_1_22' title='bbox 144 831 300 917; x_wconf 82' lang='lat' dir='ltr'><strong>frgm.</strong></span> <span class='ocrx_word' id='word_1_23' title='bbox 329 843 458 905; x_wconf 86' lang='lat'><strong>493</strong></span> <span class='ocrx_word' id='word_1_24' title='bbox 493 863 672 925; x_wconf 81' lang='grc' dir='ltr'><strong>παρ.</strong></span> <span class='ocrx_word' id='word_1_25' title='bbox 696 888 711 903; x_wconf 93' lang='grc'><strong>.</strong></span> <span class='ocrx_word' id='word_1_26' title='bbox 741 888 756 903; x_wconf 93' lang='grc'><strong>.</strong></span> <span class='ocrx_word' id='word_1_27' title='bbox 785 888 800 904; x_wconf 97' lang='grc'><strong>.</strong></span> <span class='ocrx_word' id='word_1_28' title='bbox 826 827 937 928; x_wconf 79' lang='grc' dir='ltr'><strong>ἦεν</strong></span> <span class='ocrx_word' id='word_1_29' title='bbox 967 829 1160 921; x_wconf 76' lang='grc' dir='ltr'><strong><em>ἀμύν-</em></strong></span> <span class='ocrx_word' id='word_1_30' title='bbox 1227 839 1283 904; x_wconf 85' lang='lat' dir='ltr'><em>O</em></span> <span class='ocrx_word' id='word_1_31' title='bbox 1328 843 1452 904; x_wconf 90' lang='grc'><strong>610</strong></span> <span class='ocrx_word' id='word_1_32' title='bbox 1501 826 1609 927; x_wconf 80' lang='grc' dir='ltr'><strong>ἦεν</strong></span> <span class='ocrx_word' id='word_1_33' title='bbox 1652 830 1976 925; x_wconf 72' lang='grc' dir='ltr'><strong>ἀμύντωρ.</strong></span> 
     </span>
     <span class='ocr_line' id='line_1_6' title="bbox 328 946 532 1027; baseline -0.025 0"><span class='ocrx_word' id='word_1_34' title='bbox 328 946 532 1027; x_wconf 64' lang='grc' dir='ltr'>πύρ’)</span> 
     </span>
    </p>
   </div>
   <div class='ocr_carea' id='block_1_3' title="bbox 287 1042 2220 1127">
    <p class='ocr_par' dir='ltr' id='par_1_3' title="bbox 85 995 2220 1127">
     <span class='ocr_line' id='line_1_7' title="bbox 287 1042 2220 1127; baseline 0.001 -22.716"><span class='ocrx_word' id='word_1_35' title='bbox 287 1043 430 1121; x_wconf 81' lang='lat' dir='ltr'><strong>Qua</strong></span> <span class='ocrx_word' id='word_1_36' title='bbox 477 1065 560 1110; x_wconf 90' lang='lat' dir='ltr'><strong>ex</strong></span> <span class='ocrx_word' id='word_1_37' title='bbox 603 1043 1074 1126; x_wconf 81' lang='lat' dir='ltr'><strong>compositione</strong></span> <span class='ocrx_word' id='word_1_38' title='bbox 1117 1046 1396 1127; x_wconf 87' lang='lat' dir='ltr'><strong>apparet</strong></span> <span class='ocrx_word' id='word_1_39' title='bbox 1453 1062 1583 1107; x_wconf 90' lang='lat' dir='ltr'><strong>non</strong></span> <span class='ocrx_word' id='word_1_40' title='bbox 1644 1042 1729 1108; x_wconf 88' lang='lat' dir='ltr'><strong>ab</strong></span> <span class='ocrx_word' id='word_1_41' title='bbox 1792 1043 1969 1109; x_wconf 89' lang='lat' dir='ltr'><strong>omni</strong></span> <span class='ocrx_word' id='word_1_42' title='bbox 2030 1043 2220 1109; x_wconf 88' lang='lat' dir='ltr'><strong>dubi-</strong></span> 
     </span>
    </p>
   </div>
   <div class='ocr_carea' id='block_1_4' title="bbox 71 1144 2218 3711">
    <p class='ocr_par' dir='ltr' id='par_1_4' title="bbox 83 1144 2217 1332">
     <span class='ocr_line' id='line_1_8' title="bbox 140 1144 2217 1213; baseline 0.002 -6"><span class='ocrx_word' id='word_1_43' title='bbox 140 1144 360 1212; x_wconf 79' lang='lat' dir='ltr'><strong>tatione</strong></span> <span class='ocrx_word' id='word_1_44' title='bbox 406 1152 696 1212; x_wconf 88' lang='lat' dir='ltr'><strong>remotas</strong></span> <span class='ocrx_word' id='word_1_45' title='bbox 743 1167 885 1211; x_wconf 89' lang='lat' dir='ltr'><strong>esse</strong></span> <span class='ocrx_word' id='word_1_46' title='bbox 931 1148 1212 1211; x_wconf 88' lang='lat' dir='ltr'><strong>virorum</strong></span> <span class='ocrx_word' id='word_1_47' title='bbox 1261 1145 1602 1211; x_wconf 88' lang='lat' dir='ltr'><strong>doctorum</strong></span> <span class='ocrx_word' id='word_1_48' title='bbox 1660 1146 2072 1212; x_wconf 90' lang='lat' dir='ltr'><strong>coniecturas</strong></span> <span class='ocrx_word' id='word_1_49' title='bbox 2130 1147 2217 1213; x_wconf 88' lang='lat' dir='ltr'><strong>ad</strong></span> 
     </span>
     <span class='ocr_line' id='line_1_9' title="bbox 138 1248 2217 1332; baseline 0.005 -26.716"><span class='ocrx_word' id='word_1_50' title='bbox 138 1251 247 1313; x_wconf 85' lang='lat' dir='ltr'><strong>tres</strong></span> <span class='ocrx_word' id='word_1_51' title='bbox 273 1250 545 1315; x_wconf 91' lang='lat' dir='ltr'><strong>ultimos</strong></span> <span class='ocrx_word' id='word_1_52' title='bbox 591 1250 770 1314; x_wconf 94' lang='lat' dir='ltr'><strong>locos</strong></span> <span class='ocrx_word' id='word_1_53' title='bbox 815 1248 1140 1332; x_wconf 90' lang='lat' dir='ltr'><strong>prolatas;</strong></span> <span class='ocrx_word' id='word_1_54' title='bbox 1189 1254 1364 1315; x_wconf 89' lang='lat' dir='ltr'><strong>certe</strong></span> <span class='ocrx_word' id='word_1_55' title='bbox 1409 1248 1544 1315; x_wconf 87' lang='lat' dir='ltr'><strong>alia</strong></span> <span class='ocrx_word' id='word_1_56' title='bbox 1588 1249 1887 1332; x_wconf 85' lang='lat' dir='ltr'><strong>exempla</strong></span> <span class='ocrx_word' id='word_1_57' title='bbox 1932 1271 2058 1315; x_wconf 89' lang='lat' dir='ltr'><strong>non</strong></span> <span class='ocrx_word' id='word_1_58' title='bbox 2107 1271 2217 1316; x_wconf 90' lang='lat' dir='ltr'><strong>ex-</strong></span> 
     </span>
    </p>

    <p class='ocr_par' dir='ltr' id='par_1_5' title="bbox 138 1352 2216 1433">
     <span class='ocr_line' id='line_1_10' title="bbox 138 1352 2216 1433; baseline 0.003 -21"><span class='ocrx_word' id='word_1_59' title='bbox 138 1354 313 1433; x_wconf 85' lang='lat' dir='ltr'><strong>stant,</strong></span> <span class='ocrx_word' id='word_1_60' title='bbox 382 1352 497 1418; x_wconf 89' lang='lat' dir='ltr'><strong>ubi</strong></span> <span class='ocrx_word' id='word_1_61' title='bbox 544 1352 793 1421; x_wconf 83' lang='lat' dir='ltr'><strong>Gallim.</strong></span> <span class='ocrx_word' id='word_1_62' title='bbox 851 1352 1205 1417; x_wconf 84' lang='lat' dir='ltr'><strong>Homerum</strong></span> <span class='ocrx_word' id='word_1_63' title='bbox 1262 1352 1357 1416; x_wconf 87' lang='lat' dir='ltr'><strong>ita</strong></span> <span class='ocrx_word' id='word_1_64' title='bbox 1426 1352 1722 1417; x_wconf 87' lang='lat' dir='ltr'><strong>imitatus</strong></span> <span class='ocrx_word' id='word_1_65' title='bbox 1777 1355 1891 1433; x_wconf 92' lang='lat' dir='ltr'><strong>sit,</strong></span> <span class='ocrx_word' id='word_1_66' title='bbox 1960 1359 2035 1419; x_wconf 88' lang='lat' dir='ltr'><strong>ut</strong></span> <span class='ocrx_word' id='word_1_67' title='bbox 2088 1353 2216 1419; x_wconf 90' lang='lat' dir='ltr'><strong>duo</strong></span> 
     </span>
    </p>

    <p class='ocr_par' dir='ltr' id='par_1_6' title="bbox 81 1454 2217 1739">
     <span class='ocr_line' id='line_1_11' title="bbox 137 1454 2217 1542; baseline 0.004 -27"><span class='ocrx_word' id='word_1_68' title='bbox 137 1454 327 1537; x_wconf 85' lang='lat' dir='ltr'><strong>verba,</strong></span> <span class='ocrx_word' id='word_1_69' title='bbox 374 1477 546 1540; x_wconf 88' lang='lat' dir='ltr'><strong>quae</strong></span> <span class='ocrx_word' id='word_1_70' title='bbox 593 1457 758 1520; x_wconf 87' lang='lat' dir='ltr'><strong>duos</strong></span> <span class='ocrx_word' id='word_1_71' title='bbox 803 1460 1129 1521; x_wconf 87' lang='lat' dir='ltr'><strong>extremos</strong></span> <span class='ocrx_word' id='word_1_72' title='bbox 1172 1455 1374 1538; x_wconf 90' lang='lat' dir='ltr'><strong>pedes</strong></span> <span class='ocrx_word' id='word_1_73' title='bbox 1420 1454 1703 1539; x_wconf 86' lang='lat' dir='ltr'><strong>explent,</strong></span> <span class='ocrx_word' id='word_1_74' title='bbox 1750 1463 2217 1542; x_wconf 83' lang='lat' dir='ltr'><strong>congruerent3</strong></span> 
     </span>
     <span class='ocr_line' id='line_1_12' title="bbox 81 1555 2216 1645; baseline 0.004 -28"><span class='ocrx_word' id='word_1_75' title='bbox 81 1561 82 1570; x_wconf 78' lang='grc'>’</span> <span class='ocrx_word' id='word_1_76' title='bbox 134 1555 300 1624; x_wconf 91' lang='lat' dir='ltr'><strong>immo</strong></span> <span class='ocrx_word' id='word_1_77' title='bbox 345 1580 480 1625; x_wconf 90' lang='lat' dir='ltr'><strong>uno</strong></span> <span class='ocrx_word' id='word_1_78' title='bbox 525 1559 671 1624; x_wconf 93' lang='lat' dir='ltr'><strong>loco</strong></span> <span class='ocrx_word' id='word_1_79' title='bbox 717 1558 843 1624; x_wconf 92' lang='lat' dir='ltr'><strong>hoc</strong></span> <span class='ocrx_word' id='word_1_80' title='bbox 888 1558 1167 1624; x_wconf 82' lang='lat' dir='ltr'><strong>evitasse</strong></span> <span class='ocrx_word' id='word_1_81' title='bbox 1213 1557 1501 1635; x_wconf 90' lang='lat' dir='ltr'><strong>videtur;</strong></span> <span class='ocrx_word' id='word_1_82' title='bbox 1549 1558 1628 1627; x_wconf 89' lang='lat' dir='ltr'><strong>cf.</strong></span> <span class='ocrx_word' id='word_1_83' title='bbox 1673 1581 1842 1643; x_wconf 90' lang='lat' dir='ltr'><strong>quae</strong></span> <span class='ocrx_word' id='word_1_84' title='bbox 1890 1560 2216 1645; x_wconf 85' lang='lat' dir='ltr'><strong>disputavi</strong></span> 
     </span>
     <span class='ocr_line' id='line_1_13' title="bbox 133 1666 314 1739; baseline 0.017 -16"><span class='ocrx_word' id='word_1_85' title='bbox 133 1678 181 1739; x_wconf 86' lang='lat' dir='ltr'><strong>p.</strong></span> <span class='ocrx_word' id='word_1_86' title='bbox 221 1666 314 1728; x_wconf 90' lang='grc'><strong>96.</strong></span> 
     </span>
    </p>

    <p class='ocr_par' dir='ltr' id='par_1_7' title="bbox 71 1758 2218 2469">
     <span class='ocr_line' id='line_1_14' title="bbox 276 1758 2218 1858; baseline 0.001 -27"><span class='ocrx_word' id='word_1_87' title='bbox 276 1765 427 1831; x_wconf 85' lang='lat' dir='ltr'><strong>Una</strong></span> <span class='ocrx_word' id='word_1_88' title='bbox 472 1769 691 1830; x_wconf 87' lang='lat' dir='ltr'><strong>autem</strong></span> <span class='ocrx_word' id='word_1_89' title='bbox 747 1764 1044 1848; x_wconf 85' lang='lat' dir='ltr'><strong>exceptio</strong></span> <span class='ocrx_word' id='word_1_90' title='bbox 1107 1768 1236 1828; x_wconf 86' lang='lat' dir='ltr'><strong>est:</strong></span> <span class='ocrx_word' id='word_1_91' title='bbox 1301 1764 1352 1829; x_wconf 95' lang='lat' dir='ltr'><strong>I.</strong></span> <span class='ocrx_word' id='word_1_92' title='bbox 1400 1772 1480 1833; x_wconf 90' lang='grc'><strong>96</strong></span> <span class='ocrx_word' id='word_1_93' title='bbox 1530 1762 1719 1832; x_wconf 85' lang='grc' dir='ltr'><strong><em>δίδου</em></strong></span> <span class='ocrx_word' id='word_1_94' title='bbox 1764 1759 1822 1831; x_wconf 83' lang='grc' dir='ltr'><strong>δ’</strong></span> <span class='ocrx_word' id='word_1_95' title='bbox 1872 1758 2104 1858; x_wconf 73' lang='grc' dir='ltr'><strong><em>ἀρετήν</em></strong></span> <span class='ocrx_word' id='word_1_96' title='bbox 2145 1790 2218 1833; x_wconf 82' lang='grc' dir='ltr'><strong>τε</strong></span> 
     </span>
     <span class='ocr_line' id='line_1_15' title="bbox 132 1860 2209 1953; baseline 0.002 -24"><span class='ocrx_word' id='word_1_97' title='bbox 132 1864 219 1930; x_wconf 82' lang='grc' dir='ltr'><strong>καὶ</strong></span> <span class='ocrx_word' id='word_1_98' title='bbox 260 1860 457 1953; x_wconf 71' lang='grc' dir='ltr'><strong><em>ὄλβον</em></strong></span> <span class='ocrx_word' id='word_1_99' title='bbox 486 1898 573 1924; x_wconf 91' lang='lat'><strong><em>=</em></strong></span> <span class='ocrx_word' id='word_1_100' title='bbox 604 1868 792 1933; x_wconf 90' lang='lat' dir='ltr'><strong>Hom.</strong></span> <span class='ocrx_word' id='word_1_101' title='bbox 825 1867 885 1932; x_wconf 92' lang='lat' dir='ltr'><strong>h.</strong></span> <span class='ocrx_word' id='word_1_102' title='bbox 916 1869 1050 1934; x_wconf 89' lang='lat' dir='ltr'><strong>XV.</strong></span> <span class='ocrx_word' id='word_1_103' title='bbox 1096 1875 1162 1944; x_wconf 88' lang='lat'><strong>9;</strong></span> <span class='ocrx_word' id='word_1_104' title='bbox 1210 1867 1327 1932; x_wconf 91' lang='lat' dir='ltr'><strong>sed</strong></span> <span class='ocrx_word' id='word_1_105' title='bbox 1373 1867 1568 1935; x_wconf 89' lang='lat' dir='ltr'><strong>facile</strong></span> <span class='ocrx_word' id='word_1_106' title='bbox 1613 1867 2041 1952; x_wconf 84' lang='lat' dir='ltr'><strong>intellegitur,</strong></span> <span class='ocrx_word' id='word_1_107' title='bbox 2092 1891 2209 1935; x_wconf 91' lang='lat' dir='ltr'><strong>cur</strong></span> 
     </span>
     <span class='ocr_line' id='line_1_16' title="bbox 133 1965 2217 2055; baseline 0.003 -25"><span class='ocrx_word' id='word_1_108' title='bbox 133 1965 216 2033; x_wconf 92' lang='lat' dir='ltr'><strong>hic</strong></span> <span class='ocrx_word' id='word_1_109' title='bbox 281 1992 511 2036; x_wconf 91' lang='lat' dir='ltr'><strong>versus</strong></span> <span class='ocrx_word' id='word_1_110' title='bbox 588 1972 985 2055; x_wconf 84' lang='lat' dir='ltr'><strong>excipiatur,</strong></span> <span class='ocrx_word' id='word_1_111' title='bbox 1071 1970 1376 2035; x_wconf 89' lang='lat' dir='ltr'><strong>nimirum</strong></span> <span class='ocrx_word' id='word_1_112' title='bbox 1453 1971 1633 2055; x_wconf 88' lang='lat' dir='ltr'><strong>quod</strong></span> <span class='ocrx_word' id='word_1_113' title='bbox 1708 1971 2041 2037; x_wconf 90' lang='lat' dir='ltr'><strong>sollemnis</strong></span> <span class='ocrx_word' id='word_1_114' title='bbox 2116 1977 2217 2038; x_wconf 94' lang='lat' dir='ltr'><strong>est</strong></span> 
     </span>
     <span class='ocr_line' id='line_1_17' title="bbox 132 2069 2213 2158; baseline 0.004 -26"><span class='ocrx_word' id='word_1_115' title='bbox 132 2069 384 2139; x_wconf 86' lang='lat' dir='ltr'><strong>formula</strong></span> <span class='ocrx_word' id='word_1_116' title='bbox 449 2074 672 2158; x_wconf 82' lang='lat' dir='ltr'><strong>hymni</strong></span> <span class='ocrx_word' id='word_1_117' title='bbox 739 2074 1062 2155; x_wconf 78' lang='lat' dir='ltr'><strong>exeuntiS‚</strong></span> <span class='ocrx_word' id='word_1_118' title='bbox 1130 2073 1308 2139; x_wconf 91' lang='lat' dir='ltr'><strong>velut</strong></span> <span class='ocrx_word' id='word_1_119' title='bbox 1375 2074 1575 2140; x_wconf 86' lang='lat' dir='ltr'><strong>etiam</strong></span> <span class='ocrx_word' id='word_1_120' title='bbox 1645 2074 1885 2158; x_wconf 85' lang='lat' dir='ltr'><strong>legitur</strong></span> <span class='ocrx_word' id='word_1_121' title='bbox 1948 2075 2018 2140; x_wconf 90' lang='lat' dir='ltr'><strong>in</strong></span> <span class='ocrx_word' id='word_1_122' title='bbox 2084 2074 2213 2141; x_wconf 90' lang='lat' dir='ltr'><strong>fine</strong></span> 
     </span>
     <span class='ocr_line' id='line_1_18' title="bbox 129 2172 2213 2260; baseline 0.006 -25"><span class='ocrx_word' id='word_1_123' title='bbox 129 2172 321 2257; x_wconf 81' lang='lat' dir='ltr'><strong>hymni</strong></span> <span class='ocrx_word' id='word_1_124' title='bbox 353 2176 497 2244; x_wconf 89' lang='lat' dir='ltr'><strong>XX.</strong></span> <span class='ocrx_word' id='word_1_125' title='bbox 565 2177 714 2243; x_wconf 83' lang='lat' dir='ltr'><strong>Alia</strong></span> <span class='ocrx_word' id='word_1_126' title='bbox 757 2175 1044 2242; x_wconf 87' lang='lat' dir='ltr'><strong>formula</strong></span> <span class='ocrx_word' id='word_1_127' title='bbox 1073 2180 1174 2241; x_wconf 91' lang='lat' dir='ltr'><strong>est</strong></span> <span class='ocrx_word' id='word_1_128' title='bbox 1218 2176 1399 2260; x_wconf 86' lang='lat' dir='ltr'><strong>apud</strong></span> <span class='ocrx_word' id='word_1_129' title='bbox 1430 2176 1899 2243; x_wconf 85' lang='lat' dir='ltr'><strong>Callimachum</strong></span> <span class='ocrx_word' id='word_1_130' title='bbox 1931 2179 2040 2248; x_wconf 87' lang='lat' dir='ltr'><strong>VI.</strong></span> <span class='ocrx_word' id='word_1_131' title='bbox 2093 2186 2213 2247; x_wconf 87' lang='lat'><strong>134</strong></span> 
     </span>
     <span class='ocr_line' id='line_1_19' title="bbox 127 2275 2211 2366; baseline 0.002 -24"><span class='ocrx_word' id='word_1_132' title='bbox 127 2281 304 2366; x_wconf 85' lang='grc' dir='ltr'><strong><em>χαῖρε,</em></strong></span> <span class='ocrx_word' id='word_1_133' title='bbox 374 2279 535 2362; x_wconf 75' lang='grc' dir='ltr'><em>θεά,</em></span> <span class='ocrx_word' id='word_1_134' title='bbox 603 2279 713 2345; x_wconf 83' lang='grc' dir='ltr'><strong>καὶ</strong></span> <span class='ocrx_word' id='word_1_135' title='bbox 768 2276 961 2344; x_wconf 81' lang='grc' dir='ltr'><strong><em>τάνδε</em></strong></span> <span class='ocrx_word' id='word_1_136' title='bbox 1015 2275 1155 2345; x_wconf 82' lang='grc' dir='ltr'><strong>σάω</strong></span> <span class='ocrx_word' id='word_1_137' title='bbox 1215 2276 1412 2345; x_wconf 83' lang='grc' dir='ltr'><strong><em>πόλιν</em></strong></span> <span class='ocrx_word' id='word_1_138' title='bbox 1454 2310 1541 2337; x_wconf 89' lang='grc'><strong>--</strong></span> <span class='ocrx_word' id='word_1_139' title='bbox 1585 2280 1776 2348; x_wconf 91' lang='lat' dir='ltr'><strong>Hom.</strong></span> <span class='ocrx_word' id='word_1_140' title='bbox 1829 2282 1889 2346; x_wconf 86' lang='lat' dir='ltr'><strong>h.</strong></span> <span class='ocrx_word' id='word_1_141' title='bbox 1936 2281 2111 2349; x_wconf 92' lang='lat' dir='ltr'><strong>XIII.</strong></span> <span class='ocrx_word' id='word_1_142' title='bbox 2154 2290 2211 2351; x_wconf 85' lang='lat'><strong>3.</strong></span> 
     </span>
     <span class='ocr_line' id='line_1_20' title="bbox 71 2367 2212 2469; baseline 0.004 -26"><span class='ocrx_word' id='word_1_143' title='bbox 71 2383 72 2388; x_wconf 76' lang='grc'>’</span> <span class='ocrx_word' id='word_1_144' title='bbox 127 2378 183 2445; x_wconf 92' lang='lat' dir='ltr'><strong>In</strong></span> <span class='ocrx_word' id='word_1_145' title='bbox 220 2383 412 2452; x_wconf 87' lang='lat' dir='ltr'><strong>initio</strong></span> <span class='ocrx_word' id='word_1_146' title='bbox 458 2390 676 2451; x_wconf 86' lang='lat' dir='ltr'><strong>autem</strong></span> <span class='ocrx_word' id='word_1_147' title='bbox 721 2403 947 2450; x_wconf 92' lang='lat' dir='ltr'><strong>versus</strong></span> <span class='ocrx_word' id='word_1_148' title='bbox 992 2383 1206 2449; x_wconf 83' lang='lat' dir='ltr'><strong>minus</strong></span> <span class='ocrx_word' id='word_1_149' title='bbox 1252 2383 1443 2449; x_wconf 86' lang='lat' dir='ltr'><strong>anxie</strong></span> <span class='ocrx_word' id='word_1_150' title='bbox 1492 2367 1758 2451; x_wconf 84' lang='lat' dir='ltr'><strong>evitavit</strong></span> <span class='ocrx_word' id='word_1_151' title='bbox 1801 2404 2212 2469; x_wconf 82' lang='lat' dir='ltr'><strong>consensum3</strong></span> 
     </span>
    </p>

    <p class='ocr_par' dir='ltr' id='par_1_8' title="bbox 124 2482 2213 2978">
     <span class='ocr_line' id='line_1_21' title="bbox 131 2482 2211 2575; baseline 0.003 -27"><span class='ocrx_word' id='word_1_152' title='bbox 131 2483 190 2548; x_wconf 85' lang='lat' dir='ltr'><strong>cf.</strong></span> <span class='ocrx_word' id='word_1_153' title='bbox 219 2487 380 2554; x_wconf 88' lang='lat' dir='ltr'><strong>Call.</strong></span> <span class='ocrx_word' id='word_1_154' title='bbox 414 2488 528 2553; x_wconf 92' lang='grc' dir='ltr'><strong>ΠΙ.</strong></span> <span class='ocrx_word' id='word_1_155' title='bbox 563 2494 705 2554; x_wconf 90' lang='grc'><strong>200.</strong></span> <span class='ocrx_word' id='word_1_156' title='bbox 757 2482 903 2575; x_wconf 73' lang='grc' dir='ltr'><em>ἱερά</em></span> <span class='ocrx_word' id='word_1_157' title='bbox 946 2510 1018 2552; x_wconf 86' lang='grc' dir='ltr'><strong>τε</strong></span> <span class='ocrx_word' id='word_1_158' title='bbox 1063 2484 1326 2574; x_wconf 81' lang='grc' dir='ltr'><strong><em>ῥέζουσι</em></strong></span> <span class='ocrx_word' id='word_1_159' title='bbox 1357 2516 1441 2544; x_wconf 88' lang='lat'><strong><em>=</em></strong></span> <span class='ocrx_word' id='word_1_160' title='bbox 1471 2510 1504 2552; x_wconf 88' lang='grc' dir='ltr'><em>ε</em></span> <span class='ocrx_word' id='word_1_161' title='bbox 1538 2494 1695 2566; x_wconf 84' lang='grc'>102;</span> <span class='ocrx_word' id='word_1_162' title='bbox 1742 2494 1994 2573; x_wconf 89' lang='lat' dir='ltr'><strong>septem</strong></span> <span class='ocrx_word' id='word_1_163' title='bbox 2041 2491 2211 2556; x_wconf 93' lang='lat' dir='ltr'><strong>enim</strong></span> 
     </span>
     <span class='ocr_line' id='line_1_22' title="bbox 127 2587 2211 2676; baseline 0.004 -28"><span class='ocrx_word' id='word_1_164' title='bbox 127 2587 393 2669; x_wconf 86' lang='lat' dir='ltr'><strong>syllabae</strong></span> <span class='ocrx_word' id='word_1_165' title='bbox 424 2592 489 2654; x_wconf 89' lang='lat' dir='ltr'><strong>in</strong></span> <span class='ocrx_word' id='word_1_166' title='bbox 522 2611 711 2656; x_wconf 90' lang='lat' dir='ltr'><strong>versu</strong></span> <span class='ocrx_word' id='word_1_167' title='bbox 744 2595 1023 2655; x_wconf 89' lang='lat' dir='ltr'><strong>exeunte</strong></span> <span class='ocrx_word' id='word_1_168' title='bbox 1069 2611 1401 2673; x_wconf 89' lang='lat' dir='ltr'><strong>nunquam</strong></span> <span class='ocrx_word' id='word_1_169' title='bbox 1448 2597 1844 2676; x_wconf 79' lang='lat' dir='ltr'><strong>congruunt3</strong></span> <span class='ocrx_word' id='word_1_170' title='bbox 1892 2591 1967 2657; x_wconf 86' lang='lat' dir='ltr'><strong>cf.</strong></span> <span class='ocrx_word' id='word_1_171' title='bbox 2012 2593 2211 2658; x_wconf 89' lang='lat' dir='ltr'><strong>etiam</strong></span> 
     </span>
     <span class='ocr_line' id='line_1_23' title="bbox 127 2682 2213 2785; baseline 0.005 -33"><span class='ocrx_word' id='word_1_172' title='bbox 127 2688 214 2760; x_wconf 87' lang='lat' dir='ltr'><strong>VI.</strong></span> <span class='ocrx_word' id='word_1_173' title='bbox 261 2699 333 2760; x_wconf 92' lang='lat'><strong>61</strong></span> <span class='ocrx_word' id='word_1_174' title='bbox 391 2682 433 2758; x_wconf 74' lang='grc' dir='ltr'>ἃ</span> <span class='ocrx_word' id='word_1_175' title='bbox 480 2687 537 2759; x_wconf 75' lang='grc' dir='ltr'><strong>δ’</strong></span> <span class='ocrx_word' id='word_1_176' title='bbox 586 2685 798 2772; x_wconf 58' lang='grc' dir='ltr'><em>ἄλλως</em></span> <span class='ocrx_word' id='word_1_177' title='bbox 850 2691 971 2777; x_wconf 81' lang='grc' dir='ltr'><strong>μὲν</strong></span> <span class='ocrx_word' id='word_1_178' title='bbox 1025 2688 1213 2757; x_wconf 72' lang='grc' dir='ltr'><strong><em>ἔασεν</em></strong></span> <span class='ocrx_word' id='word_1_179' title='bbox 1268 2698 1335 2757; x_wconf 79' lang='lat' dir='ltr'><strong>et</strong></span> <span class='ocrx_word' id='word_1_180' title='bbox 1385 2695 1442 2759; x_wconf 90' lang='grc' dir='ltr'><em>Ο</em></span> <span class='ocrx_word' id='word_1_181' title='bbox 1489 2701 1568 2760; x_wconf 86' lang='grc'><strong>87</strong></span> <span class='ocrx_word' id='word_1_182' title='bbox 1616 2689 1656 2785; x_wconf 83' lang='grc' dir='ltr'><em>ἦ</em></span> <span class='ocrx_word' id='word_1_183' title='bbox 1703 2688 1761 2759; x_wconf 77' lang='grc' dir='ltr'><strong>δ’</strong></span> <span class='ocrx_word' id='word_1_184' title='bbox 1811 2687 2042 2774; x_wconf 61' lang='grc' dir='ltr'><strong><em>ἅλλους</em></strong></span> <span class='ocrx_word' id='word_1_185' title='bbox 2092 2694 2213 2780; x_wconf 80' lang='grc' dir='ltr'><strong>μὲν</strong></span> 
     </span>
     <span class='ocr_line' id='line_1_24' title="bbox 124 2786 2211 2882; baseline 0.005 -26"><span class='ocrx_word' id='word_1_186' title='bbox 124 2786 282 2878; x_wconf 73' lang='grc' dir='ltr'><strong><em>ἔασες</em></strong></span> <span class='ocrx_word' id='word_1_187' title='bbox 349 2798 458 2863; x_wconf 87' lang='lat' dir='ltr'><strong>VI.</strong></span> <span class='ocrx_word' id='word_1_188' title='bbox 533 2805 652 2864; x_wconf 88' lang='lat'><strong>115</strong></span> <span class='ocrx_word' id='word_1_189' title='bbox 722 2791 989 2876; x_wconf 80' lang='grc' dir='ltr'><strong><em>αἰτίζων</em></strong></span> <span class='ocrx_word' id='word_1_190' title='bbox 1054 2789 1306 2875; x_wconf 78' lang='grc' dir='ltr'><strong><em>ἀκόλως</em></strong></span> <span class='ocrx_word' id='word_1_191' title='bbox 1360 2801 1427 2861; x_wconf 88' lang='lat' dir='ltr'><strong>et</strong></span> <span class='ocrx_word' id='word_1_192' title='bbox 1471 2821 1508 2882; x_wconf 86' lang='grc' dir='ltr'><em>ρ</em></span> <span class='ocrx_word' id='word_1_193' title='bbox 1553 2804 1676 2865; x_wconf 87' lang='grc'><strong>222</strong></span> <span class='ocrx_word' id='word_1_194' title='bbox 1731 2791 1999 2879; x_wconf 78' lang='grc' dir='ltr'><strong><em>αἰτίζων</em></strong></span> <span class='ocrx_word' id='word_1_195' title='bbox 2051 2791 2211 2867; x_wconf 75' lang='grc' dir='ltr'><strong><em>ακό-</em></strong></span> 
     </span>
     <span class='ocr_line' id='line_1_25' title="bbox 124 2894 377 2978; baseline 0.012 -15"><span class='ocrx_word' id='word_1_196' title='bbox 124 2894 247 2978; x_wconf 78' lang='grc' dir='ltr'><strong><em>λσυς</em></strong></span> <span class='ocrx_word' id='word_1_197' title='bbox 291 2902 377 2966; x_wconf 84' lang='lat' dir='ltr'><strong>al.</strong></span> 
     </span>
    </p>

    <p class='ocr_par' dir='ltr' id='par_1_9' title="bbox 119 3000 2209 3394">
     <span class='ocr_line' id='line_1_26' title="bbox 270 3000 2206 3088; baseline 0.002 -21"><span class='ocrx_word' id='word_1_198' title='bbox 270 3003 367 3069; x_wconf 94' lang='lat' dir='ltr'><strong>De</strong></span> <span class='ocrx_word' id='word_1_199' title='bbox 417 3002 674 3085; x_wconf 81' lang='grc' dir='ltr'><strong><em>συνεχές</em></strong></span> <span class='ocrx_word' id='word_1_200' title='bbox 701 3000 998 3067; x_wconf 83' lang='lat' dir='ltr'><strong>vocabuli</strong></span> <span class='ocrx_word' id='word_1_201' title='bbox 1031 3000 1362 3084; x_wconf 89' lang='lat' dir='ltr'><strong>scriptura</strong></span> <span class='ocrx_word' id='word_1_202' title='bbox 1407 3001 1491 3067; x_wconf 86' lang='lat' dir='ltr'><strong>cf.</strong></span> <span class='ocrx_word' id='word_1_203' title='bbox 1525 3003 1724 3068; x_wconf 91' lang='lat' dir='ltr'><strong>etiam</strong></span> <span class='ocrx_word' id='word_1_204' title='bbox 1753 3004 1966 3088; x_wconf 89' lang='lat' dir='ltr'><strong>Apoll.</strong></span> <span class='ocrx_word' id='word_1_205' title='bbox 1999 3005 2206 3071; x_wconf 85' lang='lat' dir='ltr'><strong>Rhod.</strong></span> 
     </span>
     <span class='ocr_line' id='line_1_27' title="bbox 124 3100 2207 3187; baseline 0.005 -23"><span class='ocrx_word' id='word_1_206' title='bbox 124 3100 160 3169; x_wconf 91' lang='grc' dir='ltr'><strong>Ι.</strong></span> <span class='ocrx_word' id='word_1_207' title='bbox 206 3114 386 3187; x_wconf 79' lang='grc'>1271,</span> <span class='ocrx_word' id='word_1_208' title='bbox 440 3105 524 3170; x_wconf 93' lang='grc' dir='ltr'><strong>Π.</strong></span> <span class='ocrx_word' id='word_1_209' title='bbox 576 3110 696 3173; x_wconf 86' lang='grc'>189</span> <span class='ocrx_word' id='word_1_210' title='bbox 746 3109 812 3169; x_wconf 90' lang='lat' dir='ltr'><strong>et</strong></span> <span class='ocrx_word' id='word_1_211' title='bbox 858 3110 1002 3171; x_wconf 85' lang='lat'><strong>738.</strong></span> <span class='ocrx_word' id='word_1_212' title='bbox 1095 3104 1237 3172; x_wconf 92' lang='lat' dir='ltr'><strong>Nic.</strong></span> <span class='ocrx_word' id='word_1_213' title='bbox 1285 3104 1383 3169; x_wconf 85' lang='lat' dir='ltr'><strong>Al.</strong></span> <span class='ocrx_word' id='word_1_214' title='bbox 1428 3108 1572 3187; x_wconf 88' lang='lat'>304,</span> <span class='ocrx_word' id='word_1_215' title='bbox 1621 3112 1774 3184; x_wconf 77' lang='lat'><strong>3713</strong></span> <span class='ocrx_word' id='word_1_216' title='bbox 1842 3108 2207 3176; x_wconf 88' lang='lat' dir='ltr'><strong>Ps.-Theo-</strong></span> 
     </span>
     <span class='ocr_line' id='line_1_28' title="bbox 120 3207 2209 3298; baseline 0.005 -30"><span class='ocrx_word' id='word_1_217' title='bbox 120 3208 245 3275; x_wconf 85' lang='lat' dir='ltr'><strong>crit.</strong></span> <span class='ocrx_word' id='word_1_218' title='bbox 329 3209 471 3278; x_wconf 90' lang='lat' dir='ltr'><strong>XX.</strong></span> <span class='ocrx_word' id='word_1_219' title='bbox 568 3216 663 3276; x_wconf 91' lang='grc'><strong>12.</strong></span> <span class='ocrx_word' id='word_1_220' title='bbox 782 3207 1132 3272; x_wconf 91' lang='lat' dir='ltr'><strong>Homerum</strong></span> <span class='ocrx_word' id='word_1_221' title='bbox 1213 3208 1561 3274; x_wconf 87' lang='lat' dir='ltr'><strong>manifesto</strong></span> <span class='ocrx_word' id='word_1_222' title='bbox 1639 3209 1938 3275; x_wconf 88' lang='lat' dir='ltr'><strong>imitatur</strong></span> <span class='ocrx_word' id='word_1_223' title='bbox 2012 3213 2209 3298; x_wconf 88' lang='lat' dir='ltr'><strong>Orph.</strong></span> 
     </span>
     <span class='ocr_line' id='line_1_29' title="bbox 119 3311 421 3394; baseline 0.03 -21"><span class='ocrx_word' id='word_1_224' title='bbox 119 3311 247 3394; x_wconf 84' lang='lat' dir='ltr'><strong>Arg.</strong></span> <span class='ocrx_word' id='word_1_225' title='bbox 294 3320 421 3381; x_wconf 85' lang='grc'><strong>724</strong></span> 
     </span>
    </p>

    <p class='ocr_par' dir='ltr' id='par_1_10' title="bbox 119 3405 2102 3586">
     <span class='ocr_line' id='line_1_30' title="bbox 226 3405 2102 3504; baseline 0.002 -25"><span class='ocrx_word' id='word_1_226' title='bbox 226 3411 466 3500; x_wconf 83' lang='grc' dir='ltr'><strong><em>φίλατο</em></strong></span> <span class='ocrx_word' id='word_1_227' title='bbox 514 3408 572 3480; x_wconf 79' lang='grc' dir='ltr'><strong>δ’</strong></span> <span class='ocrx_word' id='word_1_228' title='bbox 621 3405 702 3480; x_wconf 77' lang='grc' dir='ltr'><strong>αὖ</strong></span> <span class='ocrx_word' id='word_1_229' title='bbox 743 3412 974 3492; x_wconf 81' lang='grc' dir='ltr'><strong><em>νύκτας</em></strong></span> <span class='ocrx_word' id='word_1_230' title='bbox 1018 3438 1088 3480; x_wconf 79' lang='grc' dir='ltr'><strong>τε</strong></span> <span class='ocrx_word' id='word_1_231' title='bbox 1111 3413 1242 3480; x_wconf 84' lang='grc' dir='ltr'><strong><em>’καὶ</em></strong></span> <span class='ocrx_word' id='word_1_232' title='bbox 1288 3406 1512 3504; x_wconf 75' lang='grc' dir='ltr'><strong><em>ἤματα</em></strong></span> <span class='ocrx_word' id='word_1_233' title='bbox 1560 3413 1852 3497; x_wconf 80' lang='grc' dir='ltr'><strong><em>συννεχὲς</em></strong></span> <span class='ocrx_word' id='word_1_234' title='bbox 1867 3420 1919 3502; x_wconf 77' lang='lat'><strong>³)</strong></span> <span class='ocrx_word' id='word_1_235' title='bbox 1967 3413 2102 3483; x_wconf 78' lang='grc' dir='ltr'><strong><em>αἰεί</em></strong></span> 
     </span>
     <span class='ocr_line' id='line_1_31' title="bbox 119 3519 380 3586; baseline 0.038 -9"><span class='ocrx_word' id='word_1_236' title='bbox 119 3519 171 3579; x_wconf 83' lang='lat' dir='ltr'><strong>et</strong></span> <span class='ocrx_word' id='word_1_237' title='bbox 214 3524 380 3586; x_wconf 88' lang='grc'>1140</span> 
     </span>
    </p>

    <p class='ocr_par' dir='ltr' id='par_1_11' title="bbox 285 3613 2020 3711">
     <span class='ocr_line' id='line_1_32' title="bbox 285 3613 2020 3711; baseline 0.001 -24"><span class='ocrx_word' id='word_1_238' title='bbox 285 3619 604 3708; x_wconf 77' lang='grc' dir='ltr'><strong><em>βέβριθεν</em></strong></span> <span class='ocrx_word' id='word_1_239' title='bbox 646 3617 875 3700; x_wconf 83' lang='grc' dir='ltr'><strong><em>νύκτας</em></strong></span> <span class='ocrx_word' id='word_1_240' title='bbox 917 3643 988 3685; x_wconf 85' lang='grc' dir='ltr'><strong>τε</strong></span> <span class='ocrx_word' id='word_1_241' title='bbox 1031 3618 1142 3685; x_wconf 82' lang='grc' dir='ltr'><strong>καὶ</strong></span> <span class='ocrx_word' id='word_1_242' title='bbox 1188 3613 1411 3711; x_wconf 76' lang='grc' dir='ltr'><strong><em>ἤματα</em></strong></span> <span class='ocrx_word' id='word_1_243' title='bbox 1458 3620 1752 3704; x_wconf 77' lang='grc' dir='ltr'><strong><em>συννεχὲς</em></strong></span> <span class='ocrx_word' id='word_1_244' title='bbox 1771 3623 1826 3703; x_wconf 76' lang='lat'><strong>³)</strong></span> <span class='ocrx_word' id='word_1_245' title='bbox 1871 3618 2020 3688; x_wconf 82' lang='grc' dir='ltr'><strong><em>αἰεί.</em></strong></span> 
     </span>
    </p>
   </div>
   <div class='ocr_carea' id='block_1_5' title="bbox 75 1391 83 2012">
    <p class='ocr_par' dir='ltr' id='par_1_12' title="bbox 75 1391 83 2012">
     <span class='ocr_line' id='line_1_33' title="bbox 75 1391 83 2012; baseline 0 0"><span class='ocrx_word' id='word_1_246' title='bbox 75 1391 83 2012; x_wconf 95' lang='lat' dir='ltr'><strong> </strong></span> 
     </span>
    </p>
   </div>
   <div class='ocr_carea' id='block_1_6' title="bbox 119 3794 519 3809">
    <p class='ocr_par' dir='ltr' id='par_1_13' title="bbox 119 3794 519 3809">
     <span class='ocr_line' id='line_1_34' title="bbox 119 3794 519 3809; baseline 0 1023"><span class='ocrx_word' id='word_1_247' title='bbox 119 3794 519 3809; x_wconf 95' lang='lat' dir='ltr'><strong> </strong></span> 
     </span>
    </p>
   </div>
   <div class='ocr_carea' id='block_1_7' title="bbox 237 3892 1457 4137">
    <p class='ocr_par' dir='ltr' id='par_1_14' title="bbox 237 3892 1457 4137">
     <span class='ocr_line' id='line_1_35' title="bbox 239 3892 1457 3966; baseline -0.002 -14"><span class='ocrx_word' id='word_1_248' title='bbox 239 3900 287 3966; x_wconf 85' lang='lat'><strong>¹)</strong></span> <span class='ocrx_word' id='word_1_249' title='bbox 324 3913 395 3952; x_wconf 83' lang='lat' dir='ltr'><strong>ex</strong></span> <span class='ocrx_word' id='word_1_250' title='bbox 430 3894 637 3950; x_wconf 86' lang='lat' dir='ltr'><strong>Milleri</strong></span> <span class='ocrx_word' id='word_1_251' title='bbox 670 3900 728 3950; x_wconf 91' lang='lat' dir='ltr'><strong>et</strong></span> <span class='ocrx_word' id='word_1_252' title='bbox 763 3892 1081 3952; x_wconf 81' lang='lat' dir='ltr'><strong>Schneideri</strong></span> <span class='ocrx_word' id='word_1_253' title='bbox 1115 3893 1457 3951; x_wconf 86' lang='lat' dir='ltr'><strong>coniecturis.</strong></span> 
     </span>
     <span class='ocr_line' id='line_1_36' title="bbox 241 3980 1117 4053; baseline -0.006 -14"><span class='ocrx_word' id='word_1_254' title='bbox 241 3984 286 4053; x_wconf 77' lang='lat'><strong>²)</strong></span> <span class='ocrx_word' id='word_1_255' title='bbox 322 4000 392 4039; x_wconf 83' lang='lat' dir='ltr'><strong>ex</strong></span> <span class='ocrx_word' id='word_1_256' title='bbox 430 3980 751 4038; x_wconf 83' lang='lat' dir='ltr'><strong>Schneideri</strong></span> <span class='ocrx_word' id='word_1_257' title='bbox 789 3981 1117 4037; x_wconf 85' lang='lat' dir='ltr'><strong>coniectura.</strong></span> 
     </span>
     <span class='ocr_line' id='line_1_37' title="bbox 237 4068 528 4137; baseline -0.014 -11"><span class='ocrx_word' id='word_1_258' title='bbox 237 4072 279 4137; x_wconf 84' lang='lat'><strong>⁸)</strong></span> <span class='ocrx_word' id='word_1_259' title='bbox 315 4070 396 4125; x_wconf 87' lang='lat' dir='ltr'><strong>sic</strong></span> <span class='ocrx_word' id='word_1_260' title='bbox 429 4068 528 4122; x_wconf 92' lang='lat' dir='ltr'><strong>lib.</strong></span> 
     </span>
    </p>
   </div>
  </div>
 </body>
</html>
