2969 4832
1025 385 1445 446 ..89-

352 546 530 613 τάων
575 537 656 638 ἣν
700 540 756 613 κ’
804 546 1096 637 έθέλησι,
1144 545 1338 637 φίλην
1382 543 1691 616 ἀνάεδνον
1734 543 2008 636 ἀγέσθω

357 644 529 738 πρὸς
575 644 749 717 οἷκον
792 652 1056 743 Πηλῆος
1082 675 1096 689 ·
1124 650 1248 739 ἐγώ
1297 645 1355 717 δ’
1403 650 1521 717 ἐπὶ
1566 649 1787 736 μείλια
1832 650 2024 719 δώσω

354 751 573 820 πολλὰ
616 747 790 836 μάλ’,
838 749 983 822 ὅσσ’
1031 748 1106 822 οἷὲ
1150 753 1263 821 πώ
1305 779 1405 833 τις
1449 750 1524 844 ἑῇ
1569 751 1861 822 ἐπέδωκε
1903 759 2205 843 θυγατρί,

187 855 546 922 scriberent
584 853 926 940 ἐπιμείλια
964 880 1085 942 pro
1118 856 1236 923 ἐπὶ
1280 854 1533 941 μείλια,·
1578 858 1657 925 cf.
1691 859 1889 923 schol.
1924 862 1975 923 A
2024 855 2288 945 Ἀρίστ-

180 970 376 1045 ἀρχος
419 955 488 1025 ἓν
537 958 732 1047 μέρος
783 958 969 1047 λόγου
1014 959 1384 1047 παρέλαβεν
1437 956 1527 1039 ὦς
1579 958 1947 1048 ἐπιφέρνια.
2046 956 2290 1028 Ἀπολ-

183 1058 469 1149 λόδωρος
514 1061 589 1128 δέ
635 1063 901 1142 διαλύει,
948 1060 1085 1145 ἐπὶ,
1131 1056 1275 1128 εἶτα
1317 1059 1805 1145 μείλια·οῧτως
1849 1062 2064 1130 δὲκαὶ
2107 1057 2290 1130 Ἀλε-

186 1161 359 1247 ξίων.
408 1164 517 1231 καὶ
570 1161 713 1231 ἔστι
772 1159 845 1233 τὸ
901 1161 1055 1257 ἑξῆς
1110 1164 1424 1232 ἐπιδώσω
1479 1162 1703 1250 μείλια
1757 1166 1888 1232 κτλ.
1955 1169 2036 1231 cf.
2092 1165 2290 1233 schol.

187 1267 427 1334 GenaV.
457 1269 522 1334 H
569 1275 636 1335 et
680 1270 992 1338 Lehrs21.
1026 1271 1068 1334 l.
1100 1293 1160 1354 p.
1201 1277 1338 1337 110.
1402 1268 1570 1334 Nam
1617 1292 1694 1336 ex
1741 1270 1865 1334 hoc
1909 1269 2056 1336 loco
2103 1268 2289 1334 illum

188 1364 577 1437 vocabulum
616 1369 869 1457 μείλιον
907 1373 1177 1456 petiisse
1218 1379 1526 1456 apparet3
1572 1380 1838 1456 praeter
1883 1374 2055 1438 enim
2098 1371 2291 1440 Calli-

183 1475 482 1540 machum
555 1476 1007 1541 tantummodo
1078 1476 1364 1541 occurrit
1429 1475 1606 1559 apud
1660 1475 2291 1559 Apollonium‘Rho-

185 1577 392 1659 dium,
463 1578 545 1644 de
602 1600 734 1663 quo
789 1579 964 1644 infra
1014 1579 1216 1644 verba
1272 1577 1536 1659 faciam,
1603 1584 1671 1644 et
1726 1579 1793 1643 in
1849 1579 2108 1644 Anthol.
2153 1578 2291 1644 Pal.

183 1680 357 1763 apud
391 1680 668 1747 Paulum
702 1682 1147 1748 Silentiarium
1194 1681 1331 1766 (VI,
1380 1689 1480 1761 75,
1527 1683 1595 1766 8)
1642 1686 1708 1746 et
1749 1681 2113 1747 Lucianum
2152 1681 2290 1766 (IX,

185 1790 328 1862 367,
377 1785 467 1868 6).
557 1784 761 1850 Simul
818 1791 1036 1851 autem
1088 1785 1377 1850 videmus
1431 1782 1620 1849 illum
1684 1785 2002 1868 probasse
2057 1785 2290 1851 verilo-

184 1887 431 1969 quium,
485 1909 615 1972 quo
661 1889 785 1954 hoc
831 1887 1217 1953 vocabulum
1263 1887 1622 1953 referretur
1665 1887 1750 1952 ad
1793 1885 2109 1972 μειλίσσω
2151 1908 2292 1953 ver·

184 1990 371 2071 bum,
448 2013 593 2056 cum
662 1988 911 2075 μείλιον
977 1984 1261 2078 ἀπλοΐης
1327 1995 1501 2056 esset
1566 2012 1819 2071 munus,
1885 2012 2018 2074 quo
2085 1991 2295 2057 Diana

186 2092 688 2175 demulceretur,
733 2100 810 2159 ut
852 2093 1047 2159 finem
1090 2093 1339 2160 faceret
1383 2093 1714 2159 malaciae.
1787 2094 2066 2178 Negavit
2093 2094 2293 2177 igitur

182 2197 359 2281 apud
407 2198 766 2264 Homerum
821 2194 1045 2282 μείλια
1100 2196 1471 2282 significare
1539 2198 1789 2278 dotem,
1857 2202 1932 2262 ut
1996 2196 2291 2262 nonnulli

58 2380 63 2384 ᾗ
184 2303 616 2384 grammatici,
640 2307 689 2384 1)
749 2302 863 2367 sed
907 2302 1073 2366 bene
1121 2301 1423 2366 distinxit
1467 2301 1643 2366 inter
1687 2301 1908 2367 dotem
1954 2306 2021 2366 et
2069 2296 2293 2384 μείλια

182 2405 222 2471 i.
280 2426 337 2471 e.
394 2427 471 2471 ea
541 2405 743 2486 dona,
812 2426 980 2490 quae
1042 2407 1443 2488 Agamemno
1512 2426 1714 2490 supra
1781 2404 2001 2471 dotem
2053 2402 2291 2469 Achilli

182 2508 318 2589 dat,
362 2515 439 2573 ut
469 2509 748 2575 desistat
777 2510 861 2574 ab
904 2509 1004 2574 ira
1048 2529 1183 2588 sua,
1230 2528 1403 2592 quae
1432 2510 1864 2575 nominabant
1909 2505 2292 2595 παράφερνα

183 2611 287 2678 vel
335 2610 726 2700 ἐξώτροικα.
797 2612 875 2678 cf.
924 2612 1120 2681 schol.
1165 2612 1275 2678 BL
1320 2614 1561 2679 Townl.
1607 2613 1691 2677 ad
1735 2634 1793 2681 v,
1847 2619 1995 2680 149:
2059 2602 2293 2698 ἷὶὄηλον

183 2710 319 2781 εἴτε
379 2709 617 2806 φερνὴν
672 2714 792 2781 ἐπὶ
843 2721 924 2804 τῇ
977 2715 1260 2802 θυγατρὶ
1313 2715 1426 2781 καὶ
1478 2712 1722 2795 ταύτας
1789 2712 2065 2781 δίδωσιν
2076 2765 2091 2795 ,
2161 2705 2293 2778 εἴτε

183 2815 403 2898 ἐκτός,
471 2813 559 2898 αἷς
612 2818 723 2884 καὶ
781 2811 867 2884 τὰ
911 2810 1076 2884 ἄλλα
1130 2818 1331 2907 δῶρα.
1396 2810 1666 2902 ὅμεινον
1720 2817 1796 2885 δὲ
1854 2813 2000 2885 ἀντὶ
2054 2819 2295 2906 φερνῆς

182 2915 390 2999 αὐτὰς
429 2915 757 3010 ἡγεῖσθαι.

359 3024 829 3108 Apollonius
876 3029 1098 3090 autem
1141 3025 1492 3091 Rhodius
1539 3025 1883 3110 quinquies
1934 3025 2059 3089 hoc
2106 3043 2294 3088 voca-

180 3127 341 3193 bulo
407 3128 642 3194 utitur:
709 3132 909 3211 atque
974 3130 1244 3212 propria
1310 3128 1789 3213 significatione
1832 3129 1943 3213 IV,
1993 3133 2155 3195 1549
2211 3124 2293 3190 de

185 3251 480 3311 munere,
527 3252 655 3315 quo
703 3230 770 3295 di
803 3238 1349 3313 commoveantur,
1394 3238 1472 3297 ιιι
1514 3231 1874 3316 praebeant
1914 3249 2294 3314 prosperam

180 3335 697 3421 navigationem3
728 3355 850 3400 nec
882 3355 1153 3419 prorsus
1180 3335 1595 3402 demulcendi
1616 3336 1713 3400 vis
1745 3335 2010 3400 evanuit
2030 3333 2145 3413 ΠΙ,
2172 3338 2292 3400 135

183 3443 253 3504 et
306 3445 453 3520 146,
521 3438 636 3502 ubi
703 3438 950 3503 dictum
1019 3444 1122 3504 est
1188 3438 1270 3504 de
1338 3438 1743 3523 crepundiis,
1811 3437 2048 3522 quibus
2098 3441 2297 3503 Amor

182 3540 581 3606 concilietur
611 3562 652 3606 a
674 3542 945 3622 Venere,
992 3562 1111 3607 nec
1142 3542 1255 3623 111,
1289 3548 1433 3624 594,
1480 3541 1596 3606 ubi
1624 3546 1865 3608 Aeetae
1894 3540 2297 3625 promittitur

186 3666 228 3709 a
258 3644 581 3709 Mercurio
612 3642 872 3712 ἐοικότα
899 3642 1126 3729 μείλια
1152 3642 1362 3712 τίσειν
1390 3640 1584 3735 υἱῆας
1620 3641 1912 3733 Φρίξοιο,
1960 3644 2017 3709 si
2047 3643 2296 3727 recepti

184 3747 321 3812 sint
358 3746 669 3831 hospites.
714 3748 825 3831 IV,
878 3756 1043 3818 1190
1088 3755 1306 3816 autem
1337 3746 1724 3832 Apollonius
1757 3746 2017 3811 omnino
2049 3744 2299 3811 recedit

327 3920 370 3985 ¹)
406 3917 476 3973 cf.
502 3918 641 3973 Hes.
665 3918 878 3988 μείλιον
897 3936 910 3994 ᾖ
928 3920 1195 3991 μείλιγμα.
1236 3919 1374 3991 λέγει
1400 3917 1460 3972 δὲ
1482 3919 1587 3986 τὴν
1610 3922 1832 3991 προῖκα,
1866 3917 1936 3970 τοὶ
1958 3921 2291 3985 χαρίσματα.

184 4003 375 4076 Apoll.
413 4004 585 4076 Soph.
621 4005 740 4073 110,
776 4006 844 4061 19
892 4003 1031 4076 λέγει
1077 4004 1137 4058 δὲ
1187 4005 1356 4061 οὕτως
1395 4012 1489 4057 καὶ
1524 4006 1630 4073 τὴν
1663 4008 1891 4074 προῖκα,
1940 4002 2081 4075 „aych
2117 3997 2164 4053 δ’
2205 4005 2296 4053 ἐπὶ

181 4089 367 4159 μείλια
403 4088 621 4142 δώσω.“
690 4090 756 4144 τὸ
789 4091 896 4159 γὰρ
934 4097 1030 4144 ἐπί
1061 4091 1197 4164 πρὸς
1231 4092 1297 4145 τὸ
1335 4089 1515 4145 δώσω.
1585 4093 1723 4144 ἔνιοι
1758 4087 1817 4144 δὲ
1852 4087 2124 4159 έπιμείλια
2162 4104 2294 4141 συν-

190 4176 372 4243 θήκας
406 4174 674 4245 ἤκουσαν,
710 4177 779 4232 cf.
814 4177 983 4232 etiam
1017 4176 1276 4234 Eustath.
1311 4193 1358 4231 a.
1394 4176 1450 4232 h.
1487 4176 1524 4230 l.
