2969 4832
1535 254 1961 314 ...14ss

697 415 982 485 κώτατον
1024 417 1137 503 (cf.
1182 419 1337 488 Hes,
1383 440 1433 485 s,
1478 420 1565 502 v.)
1612 470 1628 485 .
1654 470 1670 487 .
1697 470 1713 486 .
1740 471 1756 486 .
1784 470 1800 487 .
1827 469 1842 484 .
1867 471 1883 487 .
1930 414 2091 493 ὅθεν
2141 417 2254 485 καὶ
2298 411 2491 498 ἀετὸς
2535 414 2832 509 ἐκλήθη,

698 515 831 604 οὐχ’
875 517 968 603 ὥς
1007 545 1180 602 τινες
1232 515 1421 610 παρὰ
1463 515 1542 589 τὸ
1584 516 1842 590 ἀίσσειν
1858 574 1873 604 ,
1930 516 2099 589 ἀλλὰ
2150 519 2340 608 παρά
2380 518 2459 589 τὸ
2503 519 2587 589 τὸ
2635 517 2839 589 ἐτεὸν

698 625 948 713 δηλοῦν,
993 622 1070 693 τὸ
1101 617 1368 714 ἀληθές.
1457 625 1539 692 cf.
1573 627 1775 695 schol.
1808 627 1991 706 BLV,
2025 625 2266 692 Townl.
2297 646 2357 693 a.
2389 625 2449 693 h.
2479 625 2523 691 l.
2596 629 2837 718 =Atque

697 728 897 794 schol.
945 728 1067 795 ΒΜ
1097 735 1164 795 et
1206 729 1449 796 Townl.
1498 729 1584 794 ad
1635 731 1699 795 Ω
1744 737 1866 797 315
1912 728 2141 794 habet:
2188 721 2679 794 ἐπιτελεστικὸν
2733 722 2839 808 εἷς

696 822 734 897 ὃ
765 821 846 897 ἓν
874 826 1124 920 ὀφθείη
1149 853 1166 869 ·
1196 821 1239 923 ἢ
1283 824 1395 899 τὸν
1437 827 1770 918 ἀξιώματι
1813 827 2230 918 ὑπερέχοντα,
2274 826 2364 911 ὥς
2405 828 2571 897 λέων
2618 831 2837 896 τελει-

699 932 935 1015 ότατος
987 939 1245 1024 θηρῶν,
1308 934 1613 1003 τουτέστι
1666 932 2158 1023 κυριώτατος
2200 933 2330 1001 καὶ
2373 931 2837 1017 βασιλικώ-

695 1061 939 1116 τατος.
995 1038 1179 1104 Haec
1208 1042 1426 1105 autem
1460 1046 1563 1105 est
1593 1059 1672 1104 ea
1701 1038 2093 1123 significatio
2125 1059 2293 1122 quae
2338 1036 2834 1102 sententiarum

696 1161 949 1206 conexu
993 1140 1413 1206 desideratur
1457 1141 1638 1226 apud
1684 1141 2182 1223 Callimachum3
2249 1141 2479 1223 itaque
2533 1146 2834 1223 apparet

695 1244 797 1309 his
841 1244 1030 1309 illum
1083 1243 1298 1310 verbis
1354 1244 1857 1330 interpretatum
1913 1265 2054 1310 esse
2101 1245 2520 1310 Homericum
2562 1240 2830 1309 τελειό-

695 1371 891 1414 τατον
946 1351 1278 1436 πετεηνῶν
1320 1353 1397 1413 ut
1441 1349 1646 1415 schol.
1692 1348 1816 1414 ΒΜ
1861 1356 1929 1413 et
1974 1347 2217 1417 Townl.
2261 1344 2659 1435 κυριώτατον
2702 1345 2828 1412 καὶ

693 1448 1235 1534 βασιλικώτατον.

1464 1640 1548 1706 II.
1600 1647 1743 1709 112.
1797 1632 2032 1707 ἷὶωτον.

869 1776 966 1842 De
1011 1769 1229 1844 ἀώτου
1258 1777 1574 1844 vocabulo
1607 1777 1923 1845 disseruit
1951 1777 2392 1843 Buttmannus
2421 1775 2492 1840 in
2522 1774 2817 1859 lexilogo

694 1880 778 1945 ΙΙ.
823 1901 890 1963 p.
940 1888 1016 1947 15
1072 1900 1231 1964 sqq„
1288 1888 1396 1964 qui
1452 1880 1931 1947 demonstravit
1996 1880 2176 1965 apud
2241 1879 2601 1945 Homerum
2645 1877 2815 1943 nihil

695 1982 877 2048 aliud
921 1982 1291 2066 significare
1335 1983 1521 2049 illam
1568 2003 1790 2050 vocem
1831 1984 1961 2049 nisi
2006 1983 2284 2049 floccum
2325 1981 2609 2048 velleris
2690 1982 2814 2046 Po-

695 2088 1005 2152 steriores
1050 2092 1271 2152 autem
1316 2088 1671 2171 scriptores
1719 2087 2012 2172 ambigui
2066 2090 2259 2151 erant
2300 2090 2377 2150 ut
2422 2085 2504 2151 de
2551 2105 2813 2169 genere,

696 2188 872 2272 quod
915 2189 1093 2274 apud
1140 2190 1500 2256 Homerum
1545 2190 1849 2274 cognosci
1896 2191 2143 2274 nequit,
2187 2190 2285 2255 ita
2330 2189 2531 2254 etiam
2585 2186 2672 2253 de
2722 2188 2810 2251 si-

694 2292 1130 2377 gnificatione.
1215 2298 1435 2378 Atque
1468 2293 1794 2358 Pindarus
1841 2293 2125 2377 quidem,
2172 2293 2286 2378 qui
2314 2291 2506 2358 valde
2537 2290 2810 2356 adama-

693 2397 789 2462 vit
836 2396 963 2463 hoc
1018 2395 1437 2480 vocabulum,
1506 2419 1764 2482 semper
1791 2398 1913 2463 ,ita
1967 2401 2275 2482 usurpat,
2342 2400 2419 2461 ut
2482 2393 2813 2480 significet
2915 2443 2916 2480 ᾖ

692 2500 1050 2585 „optimum
1097 2501 1403 2586 quodque
1434 2501 1538 2568 vel
1566 2500 2080 2586 pulcherrimum
2109 2501 2212 2567 vel
2241 2499 2697 2566 suavissimum
2738 2498 2808 2562 in
2915 2499 2916 2528 ³

694 2625 813 2670 suo
860 2609 1162 2689 genere“;
1227 2626 1428 2670 unum
1483 2610 1708 2672 autem
1759 2605 1974 2672 locum
2022 2605 2137 2689 qui
2181 2608 2282 2670 est
2324 2604 2394 2668 in
2438 2601 2669 2668 Isthm.
2717 2597 2806 2666 VI

693 2707 870 2793 (VII)
923 2714 1000 2776 18

1621 2803 1992 2896 ἀμνάμονες
2032 2809 2106 2877 δὲ
2149 2805 2376 2896 βροτοί

1028 2907 1131 2980 ὅτι
1175 2910 1267 3004 μὴ
1318 2911 1560 3003 σοφίας
1604 2909 1860 2981 ἷίωτον
1903 2907 2132 3000 ἷίκρον

1022 3017 1289 3097 κλυταῖς
1332 3015 1549 3085 ἐπέων
1594 3022 1853 3105 ῥοαῖσιν
1900 3014 2194 3107 ἐξίκηται
2241 3013 2424 3103 ζυγέν

693 3122 988 3188 imitatus
1035 3141 1175 3186 esse
1221 3120 1483 3185 videtur
1530 3121 1707 3203 Call„
1754 3126 1829 3186 ut
1874 3122 2074 3208 etiam
2121 3120 2349 3186 docuit
2394 3119 2696 3186 Schneid.
2738 3120 2798 3184 in

696 3246 973 3291 excursu
1019 3224 1105 3289 ad
1152 3224 1214 3289 h.
1259 3224 1341 3289 ΙΙ.
1396 3232 1537 3292 112.

823 3331 996 3415 Δηοῖ
1041 3320 1218 3392 δὀὗκ
1260 3319 1401 3393 ἀπὸ
1447 3325 1699 3407 παντὸς
1741 3324 1911 3415 ὕδωρ
1956 3326 2269 3416 φορέουσι
2313 3324 2649 3411 μέλισσαι,

820 3422 959 3496 ἀλλ’
1002 3424 1152 3520 ἥτις
1193 3429 1462 3522 καθαρή
1504 3454 1578 3498 τε
1622 3429 1733 3497 καὶ
1775 3427 2144 3518 οἷχροὶαντος
2185 3426 2452 3518 ἆνέρπει

824 3531 1114 3612 πίδακος
1156 3529 1230 3614 ἐξ
1269 3530 1449 3624 ἱερῆς
1494 3526 1676 3623 ὀλίγη
1718 3528 1927 3618 λιβάς,
1976 3527 2114 3621 ἷίκρ
2134 3557 2215 3599 ον
2258 3525 2525 3599 ἄωτον.

694 3636 946 3702 Deinde
994 3635 1227 3702 eodem
1272 3635 1470 3701 verbo
1519 3640 1727 3701 utitur
1769 3638 1838 3701 in
1885 3637 2074 3721 frgm.
2128 3645 2265 3704 115.

906 3734 1163 3827 ἔρχεται
1208 3736 1416 3818 πολὺς
1457 3738 1579 3825 μὲν
1625 3735 1915 3826 Αἰγαῖον
1960 3737 2330 3830 διατμήξας
2380 3731 2501 3805 ἀπ’
2550 3733 2793 3831 οἶνηρῆς

1960 3839 2133 3909 Χίου

905 3937 1237 4033 ἀμφορεύς
1253 3995 1268 4025 ,
1327 3944 1533 4025 πολὺς
1578 3945 1652 4013 δὲ
1697 3942 2000 4035 Λεσβίης
2051 3939 2264 4012 ἷίωτον
2312 3943 2544 4031 νέκταρ
2590 3940 2789 4011 οἶνάν-
2915 3987 2916 3998 1

1952 4053 2087 4137 θης
2128 4041 2318 4134 ἀγών.
