2969 4832
980 409 1398 469 -83-

333 565 505 652 Ζεὺς
550 572 626 640 δέ
669 594 790 660 σφι
840 570 1161 662 Κρονίδης
1203 571 1457 655 ἐνδέξια
1505 570 1769 665 σήματα
1813 572 2058 662 φαίνων

332 669 721 765 ἀστράπτει

133 800 194 860 et
248 795 462 863 schol.
517 817 577 862 a.
631 798 694 867 h.
746 819 804 867 ν.
858 790 1286 883 Ἀρίσταρχος
1349 792 1456 885 ὑφ’
1526 794 1596 864 (ἐν
1660 798 1852 887 μέρος
1917 796 2106 885 λόγου
2170 797 2248 865 τὸ

132 897 420 981 ἐνδέξια,
489 897 608 965 ἐπὶ
660 899 782 990 τὴν
836 902 908 967 δε
962 900 1291 991 συλλαβήν
1354 893 1471 987 τὴν
1538 896 1753 983 ὀξεῖαν
1821 907 2028 968 ποιῶν
2054 924 2067 937 ·
2094 897 2129 967 o‘
2175 901 2249 967 δέ

128 994 616 1090 Ἀσκαλωνίτης
648 1003 1117 1087 (Ptolemaeus)
1150 1001 1314 1069 κατὰ
1359 997 1697 1095 παρολκήν
1745 1001 2248 1090 παραλαμβάνει

129 1098 243 1196 τὴν
291 1102 363 1172 ἐν
412 1105 758 1195 πρόθεσιν,
806 1103 979 1173 ὥστε
1022 1099 1188 1172 εἶναι
1234 1099 1415 1188 δεξιὰ
1462 1105 1728 1198 σήματα
1758 1104 2022 1195 φαίνων.
2070 1100 2249 1192 ἔμει-

128 1234 235 1275 νον
283 1208 368 1276 δέ
410 1207 491 1276 τὸ
539 1209 881 1299 πρότερον.
968 1216 1184 1292 Atque
1230 1232 1454 1276 omnes
1499 1211 1653 1275 libri
1700 1210 1949 1276 habent
1993 1209 2248 1293 ἐνδέξια

129 1307 233 1400 ὕφ’
287 1312 362 1379 ἓν
408 1314 753 1397 scriptum,
820 1314 912 1379 ita
956 1319 1051 1396 ut,
1096 1315 1153 1378 si
1201 1314 1582 1380 Callimachi
1627 1315 2024 1398 scripturam
2071 1323 2248 1381 recte

129 1421 632 1496 conservarunt,
701 1438 930 1482 rursus
986 1418 1145 1484 Call.
1214 1419 1583 1483 consentiat
1651 1441 1796 1484 cum
1852 1418 2245 1484 Aristarcho,

130 1519 255 1585 Sed
313 1520 485 1585 haec
531 1520 830 1603 quaestio
882 1520 979 1584 ita
1034 1526 1273 1585 natura
1328 1527 1707 1605 comparata
1759 1526 1876 1601 est,
1945 1527 2019 1586 ut
2086 1521 2242 1587 solis

128 1623 476 1688 codicibus
533 1623 617 1686 ad
665 1629 964 1688 certum
1018 1623 1212 1688 finem
1266 1624 1415 1688 duci
1472 1645 1601 1689 non
1671 1626 1907 1709 possit;
1976 1627 2246 1690 metrica

127 1732 360 1792 autem
404 1725 576 1790 ratio
622 1725 786 1789 nihil
830 1747 947 1790 nos
993 1726 1202 1806 iuvat3
1247 1727 1303 1790 si
1351 1726 1524 1793 enim
1553 1733 1776 1811 posset
1806 1727 2241 1793 demonstrari

129 1829 608 1895 Callimachum
673 1849 804 1893 non
872 1830 1168 1912 posuisse
1244 1834 1393 1895 ante
1469 1851 1808 1896 caesuram
1882 1830 2240 1896 bucolicam

127 1930 660 2015 monosyllabum
692 1931 961 1997 verbum
992 1934 1168 2015 quod
1201 1934 1286 1998 ad
1318 1934 1661 2016 sequentia
1706 1933 2094 1999 trahendum
2126 1939 2241 2014 est,

124 2036 275 2102 inde
329 2035 634 2100 concludi
680 2042 904 2119 posset
963 2034 1218 2118 ἐνδέξια
1272 2058 1400 2102 non
1462 2035 1529 2102 ἐν
1585 2033 1773 2118 δέξια
1829 2037 2240 2102 scribendum

43 2133 44 2178 Τ
128 2160 301 2219 esse;
356 2138 469 2202 sed
518 2137 599 2205 cf.
644 2139 708 2203 h.
756 2137 805 2205 I.
856 2146 937 2206 '78
982 2138 1175 2227 λύρης
1220 2129 1287 2204 εὗ
1332 2136 1591 2218 εἰδότας
1636 2134 1875 2223 οἴμους.

298 2259 516 2324 Huius
563 2264 782 2325 autem
830 2259 958 2325 loci
1007 2282 1089 2326 ex
1132 2265 1174 2325 I
1212 2261 1393 2326 citati
1450 2260 1681 2324 similis
1729 2265 1829 2326 est
1872 2260 2041 2325 alius
2086 2260 2240 2326 libri

128 2367 184 2428 B
229 2385 291 2429 v.
347 2369 470 2430 353
1365 2360 1375 2370 “

329 2457 737 2555 ἀστράπτων
784 2460 1087 2549 ἐπιδέξι’,
1138 2462 1445 2550 ἐναίσιμα
1494 2466 1758 2559 σήματα
1801 2465 2068 2555 φαίνων.

43 2550 46 2627 Ῠ
126 2572 352 2654 Atque
399 2569 679 2636 fortasse
726 2572 809 2636 ad
861 2571 1229 2655 exemplum
1274 2571 1466 2635 huius
1512 2593 1734 2637 versus
1782 2571 1939 2639 Call.
1986 2570 2238 2654 ἐνδέξια

43 2686 44 2693 ’
125 2668 226 2761 ὑφ’
284 2670 357 2738 ἓν
403 2673 683 2757 scripsit,
729 2696 878 2739 nam
920 2675 1027 2740 hic
1071 2696 1200 2739 non
1245 2673 1398 2741 licet
1441 2695 1589 2739 cum
1634 2675 2006 2741 Ptolemaeo
2053 2697 2238 2759 prae-

123 2776 529 2859 positionem
578 2773 699 2842 ἐπί
739 2799 856 2861 per
907 2777 1352 2861 pleonasmum
1408 2779 1691 2862 positam
1737 2798 1876 2844 esse
1932 2779 2240 2843 arbitrari

125 2889 187 2945 et
247 2877 441 2961 δέξια
508 2879 592 2944 ad
661 2878 926 2971 σήματα
992 2881 1269 2947 trahere.
1368 2880 1479 2947 Sin
1549 2881 1631 2947 ad
1699 2880 2237 2965 significationem

43 3038 44 3051 ,
122 2988 525 3068 spectamus,
574 2992 850 3067 apparet
880 2986 1053 3050 inter
1098 2982 1381 3064 ἐνδέξιος
1411 2990 1476 3049 et
1521 2983 1859 3067 ἐπιδέξιος
1890 2985 2237 3050 discrimen

120 3088 449 3152 interesse
494 3086 833 3170 nullum,¹)
882 3089 1237 3154 Homerum
1283 3093 1500 3154 autem
1546 3086 1883 3170 ἐπιδέξιος
1926 3089 2235 3153 vocabulo

121 3211 322 3255 usum
381 3210 522 3255 esse
568 3195 630 3256 B
676 3199 798 3259 353
859 3196 925 3256 et
968 3216 1019 3279 φ
1069 3200 1216 3272 141,
1283 3213 1412 3256 non
1478 3188 1783 3273 ἐνδέξιος,
1851 3213 1932 3257 ne
1999 3192 2234 3257 nimios

122 3292 462 3377 spondeos
509 3294 971 3360 accumularet.
1046 3295 1296 3360 Eodem
1341 3301 1561 3360 autem
1606 3295 1815 3376 mod0,
1861 3296 2051 3360 metri
2090 3296 2235 3361 dico

121 3416 357 3475 causa,
432 3396 905 3462 Callimachum
950 3418 1210 3481 quoque
1265 3394 1598 3479 ἐπιδέξιος
1663 3399 2031 3482 scripsisse,
2105 3421 2234 3464 non

121 3497 433 3581 ἐνδέξιος,
481 3500 658 3582 quod
703 3498 949 3565 habent
1001 3501 1178 3583 libri,
1236 3501 1514 3566 coniecit
1556 3501 1896 3568 Kaibelius
1948 3503 2016 3567 in
2062 3524 2232 3568 com-

118 3606 399 3669 mentat.
446 3602 673 3684 philol.
718 3603 784 3667 in
838 3604 1150 3670 honorem
1196 3604 1525 3669 Theodori
1570 3606 1954 3671 Mommseni
1999 3627 2061 3688 p.
2110 3613 2231 3674 327

120 3708 206 3773 ad
246 3706 448 3789 epigr.
478 3706 638 3773 vm
669 3708 755 3790 (X
785 3706 956 3792 s0h.)
991 3715 1025 3775 3
1075 3693 1127 3794 ᾧ
1174 3705 1248 3773 δὲ
1279 3703 1358 3774 σὺ
1400 3701 1494 3799 μὴ
1542 3709 1823 3799 πνεύσῃς
1867 3706 2226 3791 ἐπιδέξιος,

119 3816 330 3893 atque
376 3807 782 3874 confirmavit
825 3809 995 3875 hanc
1041 3811 1503 3888 coniecturam,
1564 3834 1709 3877 cum
1755 3812 2235 3879 demonstraret

121 3911 601 3980 Callimachum
630 3913 699 3977 in
732 3914 1272 3998 epigrammatum
1315 3915 1709 3980 hexametris
1739 3916 1937 3982 tertio
1968 3917 2034 3982 in
2064 3918 2231 4001 pede

262 4210 310 4276 ¹)
348 4206 417 4261 cf.
456 4206 793 4260 Buttmanni
828 4205 1049 4278 lexilog.
1086 4205 1136 4275 1,
1169 4223 1222 4277 p.
1260 4207 1376 4262 173.

1732 4293 1805 4347 6*
