2969 4832
1048 409 1475 470 -53-

381 576 557 660 τρεῖς
613 569 732 659 γάρ
785 567 842 636 τ’
903 570 973 638 ἐκ
1027 569 1282 658 Κρόνου
1328 569 1508 658 εἰμὲν
1561 568 1896 664 ἀδελφεοί,
1954 566 2064 656 οὓς
2111 575 2332 644 τέκετο

1811 673 1977 762 Ῥέα,

384 773 550 858 Ζεὺς
592 778 705 844 καὶ
753 777 894 867 ἐγώ,
939 774 1237 866 τρίτατος
1281 772 1338 843 6’
1372 771 1598 866 Ἀίδης
1644 778 1964 870 ἐνέροισιν
2009 775 2327 850 ἀνάσσων.

386 879 632 969 τριχθὰ
664 881 738 948 δὲ
778 880 998 948 πάντα
1044 879 1375 963 δέδασται,
1424 879 1696 963 ἕκαστος
1727 877 1848 949 6²³
1820 908 2061 1008 εμμορε
2088 889 2327 976 τιμῆς·

384 975 425 1075 ἦ
471 1009 575 1052 τοι
623 982 790 1072 ἐγών
834 980 1066 1068 ε’λαχον
1111 978 1352 1076 πολιὴν
1395 980 1524 1050 α’λα
1570 983 1833 1070 ναιέμεν
1876 984 2008 1053 αιεὶ

379 1086 822 1172 παλλομένων,
859 1081 1084 1176 Ἀίδης
1130 1082 1187 1153 δ’
1236 1083 1425 1170 ε’λαχε
1470 1085 1673 1177 ζόφον
1720 1082 2046 1180 ἠερόεντα,

379 1188 545 1271 Ζεὺς
589 1183 646 1256 δ’
682 1186 857 1273 ἔλαχ’
905 1183 1173 1278 οὐρανὸν
1216 1186 1402 1278 εὐρὺν
1446 1189 1514 1256 έν
1557 1188 1786 1279 αἰθέρι
1829 1192 1940 1259 καὶ
1984 1192 2327 1283 νεφέλῃσιν

197 1296 352 1359 luce
400 1298 504 1359 est
546 1293 806 1375 clarius,
854 1315 1065 1378 neque
1110 1294 1324 1359 minus
1369 1293 1790 1361 manifestum
1846 1296 2006 1362 mihi
2048 1318 2189 1362 esse
2235 1300 2324 1363 vi-

197 1397 404 1462 detur
465 1396 586 1462 hac
639 1397 783 1464 sola
844 1418 925 1462 ex
970 1417 1171 1462 causa
1233 1396 1700 1463 Callimachum
1747 1397 1830 1463 ab
1878 1399 2163 1466 Homero
2217 1422 2319 1466 re-

204 1499 510 1579 cessisse,
555 1507 630 1566 ut
673 1521 895 1584 regem
942 1521 1131 1565 suum
1176 1500 1577 1581 adularetur,
1625 1501 1734 1566 cui

697 1601 923 1689 γνωτοὶ
971 1602 1466 1692 προτερηγενέες
1513 1627 1641 1693 περ
1689 1602 1901 1685 ἐόντες

372 1700 644 1793 οὐρανὸν
687 1699 800 1771 οὐκ
845 1703 1164 1794 ἐμέγηραν
1210 1701 1378 1788 ὄζειν
1423 1703 1806 1775 ἐπιδαίσιον
1850 1702 2040 1776 οἶκον.

191 1809 448 1888 Quodsi
492 1810 559 1873 in
606 1809 708 1874 his
762 1808 1058 1874 versibus
1112 1809 1272 1874 nihil
1334 1811 1550 1875 inesse
1605 1817 1801 1895 putas
1871 1812 2000 1877 nisi
2069 1833 2316 1879 meram

195 1912 671 1994 adulationem,
718 1932 845 1977 non
894 1919 995 1977 est
1040 1913 1217 1996 quod
1262 1914 1539 1993 mireris,
1586 1936 1731 1979 cum
1772 1914 1955 1980 vides
2000 1915 2132 1982 alio
2175 1915 2319 1981 loeo

194 2014 672 2084 Callimachum
729 2015 1120 2081 sententiam
1177 2015 1471 2101 proferre
1531 2016 1683 2082 huic
1742 2038 2014 2102 prorsus
2060 2023 2318 2084 contra-

193 2119 383 2198 riam,
431 2118 581 2184 dieo
625 2119 693 2183 in
738 2118 926 2202 frgm.
978 2125 1097 2187 195
1146 2125 1213 2185 et
1255 2127 1380 2187 465

539 2219 871 2342 Μηκώνην
913 2246 1222 2309 μακαρίον
1265 2220 1529 2311 έδρανον
1574 2212 1759 2302 αὖτις
1804 2219 1967 2289 ἶδεῖν

535 2310 641 2415 ἧχι
690 2321 942 2404 πάλους
987 2322 1315 2407 ἐβάλοντο,
1364 2322 1761 2412 διεκρίναντο
1808 2324 1883 2393 δὲ
1925 2351 2125 2410 τιμας

532 2434 769 2516 πρῶτα
814 2425 1169 2516 γιγαντείου
1216 2425 1591 2514 δαίμονες3
1563 2454 1633 2495 εκ
1678 2428 1994 2515 πολέμου,

194 2537 398 2616 atque
449 2531 768 2598 concedas
814 2553 946 2597 non
991 2534 1429 2600 necessarium
1463 2554 1607 2600 esse
1638 2534 1705 2598 id
1738 2534 1915 2616 quod
1948 2533 2312 2600 Meinekius

193 2635 536 2701 contendit
595 2657 658 2719 p.
732 2644 881 2703 131:
953 2640 1178 2717 „Quae
1244 2638 1353 2701 hoc
1421 2645 1586 2701 certe
1657 2639 1894 2718 docent,
1973 2638 2313 2722 eleyiacum

193 2759 451 2803 carmen
481 2740 685 2821 (Aetia
711 2742 919 2824 puto),
964 2760 1050 2803 σου
1091 2760 1210 2823 quo
1240 2760 1464 2805 versus
1509 2742 1611 2804 illi
1638 2743 1876 2805 servati
1918 2749 2086 2821 sunt,
2133 2743 2310 2827 lonqo

192 2844 492 2925 temporis
537 2844 871 2907 intervallo
911 2851 1054 2926 post
1107 2845 1400 2928 hymnum
1444 2847 1512 2908 in
1560 2849 1765 2908 Iovem
1810 2866 1850 2907 a
1885 2852 2071 2927 poeta
2111 2846 2308 2929 fuisse

191 2949 661 3028 compositum.“

368 3046 498 3114 Sed
531 3054 608 3112 ut
635 3053 930 3115 revertar
960 3048 1046 3114 ad
1077 3049 1367 3133 priorem
1395 3049 1636 3130 locum,
1684 3050 1883 3115 etiam
1929 3049 2054 3116 hoc
2097 3051 2307 3118 anim-

192 3149 667 3218 advertendum
743 3157 845 3218 est
918 3158 994 3218 ut
1076 3152 1254 3236 apud
1326 3153 1685 3219 Homerum
1762 3175 1819 3220 v,
1898 3162 2016 3222 731
2107 3148 2307 3242 ἑτέρῳ

193 3253 595 3337 respondeat
653 3245 857 3342 ὄλλῳ,
926 3255 1023 3320 ita
1083 3255 1284 3322 etiam
1334 3293 1406 3305 —
1458 3256 1574 3320 sed
1632 3257 1828 3322 modo
1895 3256 2309 3341 aliquantum

194 3354 454 3423 diverso
488 3394 568 3406 —
600 3358 779 3442 apud
812 3358 1285 3426 Callimachum
1331 3381 1385 3424 v.
1419 3366 1499 3426 '73
1547 3351 1712 3424 ἄλλα
1752 3356 1974 3443 μέλειν
2019 3356 2305 3449 ἑτέροισι

194 3459 448 3526 dictum
496 3481 656 3527 esse.
747 3460 828 3526 cf.
875 3462 1074 3530 etiam
1119 3467 1161 3528 I
1197 3470 1322 3530 472
1369 3483 1467 3544 sq.
1558 3454 1708 3527 οὐδέ
1752 3454 1905 3527 ποτ’
1954 3458 2116 3552 ἔσβη

404 3569 559 3651 πῦρ,
604 3562 823 3652 ἕτερον
864 3563 985 3649 μὲν
1027 3558 1141 3631 ὕπ’
1189 3559 1469 3654 αἰθούσῃ
1517 3557 1798 3650 εὐερκέος
1843 3558 2058 3657 αὐλῆς,

405 3659 566 3733 ἷίλλο
611 3660 669 3732 δ’
717 3664 810 3734 ένὶ
858 3665 1172 3756 προδόμῳ

195 3775 259 3832 et
300 3770 504 3836 schol.
551 3791 610 3839 a.
655 3770 716 3835 h.
747 3793 833 3839 v.:
883 3767 987 3838 ὅτι
1033 3768 1237 3836 πάλιν
1283 3770 1464 3837 δοκεῖ
1507 3768 1583 3837 τὸ
1630 3763 1788 3837 ἄλλο
1830 3763 2000 3859 πρὸς
2037 3765 2115 3839 τὸ
2163 3771 2297 3838 ἕτε-

198 3896 300 3958 ρον
346 3870 866 3958 συγκεχύσθαι.1)

333 4116 375 4180 ¹)
412 4112 845 4185 Aliquantulum
881 4112 1041 4169 aliter
1077 4131 1163 4169 res
1198 4129 1257 4168 se
1290 4112 1461 4168 habet
1497 4120 1527 4165 Ι
1555 4115 1657 4169 313

501 4196 559 4254 ὃς
593 4197 647 4271 χ’
688 4204 878 4271 ἕτερον
909 4205 1011 4273 μὲν
1046 4200 1223 4275 κεύθῃ
1257 4206 1336 4252 ἐνὶ
1373 4207 1580 4273 φρεσίν,
1619 4198 1751 4254 ἄλλο
1789 4199 1848 4256 δὲ
1885 4201 2022 4275 εἴπῃ,
