2969 4832
1523 337 1951 407 -30—

680 507 926 576 homer.
979 507 1373 577 Untersuch.
1428 508 1476 573 I.
1532 531 1593 593 p.
1646 516 1749 590 10,
1820 509 2057 576 AmeiS.
2111 507 2390 593 append.
2445 506 2533 574 ad
2579 533 2607 575 ι
2656 514 2795 590 198,

682 613 1000 680 Hentzius
1047 612 1280 678 Philol.
1327 611 1576 678 XXVII
1620 634 1681 697 p.
1714 619 1859 680 524.
1928 612 2067 679 Iam
2111 612 2293 678 vides
2324 611 2795 680 Callimachum

677 712 980 805 βοηθόος
1022 714 1380 795 addidisse,
1426 723 1504 780 ut
1545 714 1630 780 ab
1675 716 1800 781 hac
1842 715 2384 801 interpretatione
2430 720 2713 782 caveret.

857 818 1158 885 Ceterum
1232 823 1444 885 totum
1518 818 1693 885 hunc
1764 841 2025 886 versum
2097 819 2459 885 secundum
2530 819 2799 885 Homeri
2927 844 2928 849 ¹

682 922 1050 1005 exemplum
1097 922 1388 989 effictum
1433 943 1578 988 esee
1599 925 1648 1007 1)
1693 922 1952 989 monuit
1994 923 2125 989 iam
2155 922 2514 991 ErnestiuS.
2581 923 2801 1006 Atque

582 1094 587 1103 .
680 1025 857 1090 idem
902 1025 1081 1091 cadit
1123 1026 1193 1090 in
1236 1025 1431 1091 huius
1475 1025 1697 1110 hymni
1742 1048 1795 1090 v.
1841 1033 1966 1094 216
2011 1022 2158 1113 τοίη
2205 1047 2279 1091 σε
2345 1022 2803 1114 προσέδραμεν

681 1121 1100 1215 ἆγγελιῶτις,·
1145 1134 1211 1194 et
1253 1130 1322 1193 in
1367 1128 1428 1193 h.
1459 1128 1572 1194 111.
1620 1150 1679 1194 v.
1718 1136 1856 1197 146.
1903 1132 2079 1208 τοῖος
2122 1121 2245 1215 γὰρ
2290 1122 2394 1195 ἀεὶ
2442 1126 2803 1216 Τιρύνθιος

683 1224 907 1315 α’κμων
962 1229 1192 1319 ἕστηκε
1245 1224 1378 1321 πρὸ
1444 1229 1726 1298 πυλέων.
1817 1232 2052 1298 Falsus
2118 1237 2337 1297 autem
2404 1237 2482 1296 ut
2548 1232 2800 1316 glosso-

683 1335 917 1419 graphi
973 1336 1071 1400 ita
1116 1334 1316 1401 schol.
1365 1336 1417 1400 B
1464 1335 1625 1400 mihi
1669 1335 1929 1401 videtur
1985 1356 2158 1417 esse,
2227 1335 2340 1419 qui
2396 1335 2558 1400 dicit
2614 1335 2705 1401 ad
2749 1357 2803 1402 v,

674 1443 754 1502 H
791 1445 911 1506 231

879 1535 1067 1632 ἡμεῖς
1109 1535 1169 1608 δ’
1217 1536 1398 1627 εἶμέν
1442 1544 1632 1621 τοῖοι,
1679 1533 1749 1608 οἳ
1784 1534 1863 1608 ’ἂν
1908 1539 2106 1609 σέθεν
2150 1534 2580 1625 ἀντιάσαιμεν

684 1640 747 1710 οἳ
804 1641 1305 1734 γλωσσογράφοι
1362 1641 1441 1711 τὸ
1507 1648 1674 1711 τοῖοι
1740 1638 1888 1711 ἀντὶ
1952 1649 2066 1713 τοῦ
2132 1638 2383 1732 ἀγαθοί
2412 1665 2429 1681 ·
2461 1640 2632 1712 ὅθεν·
2692 1644 2803 1711 καὶ

683 1743 1107 1831 Καλλίμαχος
1168 1750 1263 1836 τῷ
1329 1742 1572 1830 „volam
1641 1749 1781 1815 δεῖ“
1801 1752 1855 1834 ²)
1927 1746 2249 1838 κέχρηται.
2343 1748 2440 1813 De
2506 1746 2804 1836 βοηθόος

685 1849 967 1933 denique
1034 1850 1355 1917 vocabulo
1422 1850 1502 1915 cf.
1568 1852 1783 1918 Aulin.
1852 1875 1914 1937 p.
1977 1860 2058 1921 42
2124 1857 2192 1917 et
2258 1851 2518 1917 Scheer.
2584 1873 2648 1935 p.
2707 1861 2802 1932 19,

683 1953 835 2018 adn.
883 1961 941 2021 9.

1341 2144 1452 2209 IV.
1505 2151 1644 2213 134.
1691 2143 2139 2235 προθέλυμνα.

1966 2261 2170 2331 Ἀλλά
2214 2260 2279 2331 οἱ
2297 2266 2348 2348 ⁸)
2375 2257 2585 2354 ’Ἀρης

899 2363 1245 2455 Παγγαίου
1290 2366 1725 2457 προθέλυμνα
1767 2365 2066 2464 καρήατα
2109 2364 2340 2453 μέλλεν
2381 2360 2608 2459 ἀείρας

900 2467 1238 2556 ἐμβαλέειν
1282 2468 1558 2562 δίνῃσιν,
1608 2469 2024 2561 ἆποκρύψειν
2066 2470 2143 2538 δὲ
2188 2470 2451 2561 ῥέεθρα.

859 2574 954 2639 De
1030 2575 1516 2659 significatione
1589 2577 1893 2644 vocabuli
1970 2574 2423 2667 προθέλυμνος
2508 2576 2803 2663 ambigui

686 2682 875 2742 erant
917 2680 1326 2762 grammatici
1373 2681 1650 2765 antiqui.
1737 2685 1953 2764 Atque
2006 2680 2185 2765 apud
2228 2680 2586 2746 Homerum
2640 2681 2807 2747 haec

685 2801 808 2845 vox
853 2780 1097 2866 legitur
1139 2783 1244 2848 his
1288 2784 1474 2850 locis:
1522 2790 1564 2849 I
1601 2791 1722 2852 541

685 2877 902 2949 πολλὰ
946 2876 1003 2950 δ’
1053 2880 1091 2950 ὅ
1106 2890 1160 2968 4)
1203 2909 1274 2973 γε
1320 2886 1754 2976 προθέλυμνα
1807 2884 2015 2972 χαμαὶ
2060 2885 2219 2972 βάλε
2263 2884 2535 2975 δένδρεα
2577 2886 2804 2978 μακροὶ

686 2982 964 3075 αὐτῇσιν
1009 2984 1231 3078 ῥίζῃσι
1277 2990 1389 3057 καὶ
1433 2986 1654 3069 αὐτοῖς
1696 2981 1934 3057 ἶίνθεσι
1977 2987 2222 3082 μήλων.

687 3095 757 3155 Κ
807 3098 882 3159 15

859 3192 1117 3276 πολλὰς
1156 3193 1228 3262 έκ
1271 3198 1563 3290 κεφαλῆς
1607 3194 2097 3287 προθελύμνους
2142 3195 2362 3264 ἕλκετο
2402 3194 2659 3282 χαίτας.

825 3455 872 3520 ¹)
909 3451 978 3509 cf.
1022 3456 1070 3506 A
1111 3455 1216 3512 390
1268 3461 1391 3523 τοίη
1429 3455 1487 3510 οἷ
1538 3456 1835 3527 ἐπίρροθος
1886 3445 1984 3524 ἦεν
2030 3451 2249 3522 Ἀθήνη
2304 3459 2360 3511 et
2413 3460 2467 3508 Ε
2496 3456 2625 3523 808,
2681 3458 2807 3524 828;

695 3543 739 3591 O
771 3538 892 3695 25³3·
912 3625 1006 3683 Sic
1039 3631 1187 3683 recte
1237 3627 1376 3682 mihi
1408 3628 1632 3683 videtur
1675 3627 1972 3684 coniecisse
2005 3627 2320 3683 Meinekius
2354 3626 2579 3683 Vindic.
2616 3627 2806 3684 Str-ab.

690 3728 745 3782 p.
780 3712 881 3767 211
919 3713 1051 3770 adn.
1096 3729 1197 3785 pro
1232 3719 1407 3767 τοίων
1443 3712 1547 3768 ἀεὶ
1595 3717 1856 3789 κέχρηται
1903 3715 2033 3785 (sic,
2085 3730 2201 3769 non
2258 3714 2413 3784 αἰεὶ);
2466 3729 2650 3785 neque
2700 3730 2806 3770 suo

688 3796 808 3853 iure
844 3797 1244 3855 Schneiderum
1287 3799 1393 3856 hoc
1418 3801 1752 3857 Callimachi
1786 3800 2093 3856 frustulum
2129 3798 2437 3871 neglexisse
2473 3799 2533 3853 in
2559 3799 2807 3856 editione

688 3889 845 3954 puto,
878 3889 1179 3957 postquam
1215 3902 1469 3958 perverse
1504 3886 1813 3943 hariolatus
1848 3892 1936 3942 eet
1970 3886 2040 3941 de
2073 3885 2180 3941 hoc
2206 3883 2416 3941 scholio
2439 3884 2499 3939 in
2523 3885 2670 3941 Phil.
2697 3886 2807 3955 VI,

687 3985 741 4039 p·
776 3970 1088 4128 5483’P251ieo
1121 4057 1305 4114 fiuviO.

824 4145 868 4210 ⁴)
905 4158 1052 4214 aper.
