2969 4832
1529 364 1948 425 -90-

679 530 763 596 ab
797 530 1064 595 Homeri
1094 550 1247 607 usu3
1292 530 1383 597 ibi
1413 529 1584 595 enim
1615 526 1985 612 significant
2026 527 2246 613 μείλια
2291 534 2549 618 χρυσοῖο
2595 552 2791 597 orna-

680 638 916 715 menta,
963 633 1202 717 quibus
1248 632 1643 698 decorantur
1688 653 1987 716 sponsae.

1423 820 1535 886 HI.
1581 828 1726 889 243.
1773 815 2043 910 ὁμαρτῇ.

851 942 960 1009 Sic
1007 962 1229 1007 omnes
1276 941 1427 1006 libri
1481 940 1827 1025 praebent3
1895 942 1952 1006 si
1997 940 2166 1006 hanc
2223 941 2540 1009 habemus
2588 944 2792 1012 Calli-

677 1044 887 1110 machi
955 1046 1375 1128 scripturam,
1450 1065 1579 1108 non
1645 1043 1896 1109 librarii
1963 1046 2182 1110 nescio
2249 1046 2464 1127 cuius,
2517 1047 2792 1130 dignum

677 1148 932 1215 videtur
997 1146 1175 1232 quod
1242 1153 1505 1213 notetur
1568 1146 1766 1212 schol.
1823 1152 1877 1214 A
1931 1146 2015 1212 ad
2071 1151 2122 1212 E
2161 1154 2314 1216 656:
2381 1142 2460 1216 τὸ
2528 1144 2796 1238 ἁμαρτῇ

680 1250 934 1331 δασέως
960 1273 973 1288 ·
999 1254 1309 1340 περισπᾷ
1364 1249 1439 1317 δὲ
1482 1249 1592 1316 καὶ
1638 1246 1673 1316 ὃ
1714 1244 2187 1339 Ἀσκαλωνίτης
2241 1251 2347 1318 καὶ
2403 1248 2463 1318 οὶ
2518 1250 2796 1331 πλείους

675 1350 766 1436 (οὶ
798 1353 873 1424 δὲ
901 1353 1055 1440 περὶ
1085 1347 1483 1440 Ἡρωδιανὸν
1515 1359 1904 1441 περισπῶσι
1934 1354 2031 1437 Β).
2095 1347 2304 1435 ὄξύνει
2338 1355 2412 1422 δὲ
2445 1350 2480 1423 ὃ
2523 1349 2792 1441 Ἀρίστ-

679 1480 891 1543 αρχος,
960 1456 1346 1541 βουλόμενος
1403 1451 1562 1524 αὐτὸ
1618 1461 1733 1524 τοῦ
1778 1454 2158 1549 ἁμαρτήόην
2195 1463 2296 1542 (Ν
2345 1463 2494 1542 584)
2539 1451 2793 1524 ἀποκε-

678 1559 936 1647 κόφθαι
963 1582 975 1595 ·
1004 1554 1109 1627 διὸ
1137 1559 1250 1626 καὶ
1288 1557 1431 1626 κατ’
1464 1555 1661 1628 αὐτὸν
1705 1561 1897 1649 χωρὶς
1948 1567 2061 1627 τοῦ
2091 1586 2117 1627 ι
2170 1559 2567 1649 γεγράψεται
2592 1584 2605 1598 ·
2631 1560 2795 1629 ἐπι-

678 1667 901 1749 κρατεῖ
940 1662 1161 1748 μέντοι
1207 1662 1284 1730 τὸ
1331 1662 1865 1751 περισπώμενον,
1922 1661 2252 1751 γενόμενον
2297 1658 2484 1753 παρὰ
2526 1662 2602 1731 τὸ
2647 1660 2793 1748 ἅμα

678 1766 788 1832 καὶ
832 1765 907 1834 τὸ
952 1761 1148 1854 ἅρτῶ.
1224 1766 1304 1836 cf.
1352 1768 1675 1851 Spitzner,
1721 1789 1969 1835 excurS.
2001 1767 2125 1832 XII
2171 1774 2237 1833 et
2280 1789 2444 1851 quos
2488 1768 2599 1833 ille
2645 1767 2792 1834 lau-

679 1869 796 1935 dat
838 1870 1019 1935 locos
1063 1893 1126 1954 p.
1173 1878 1287 1950 27,
1354 1870 1578 1939 LehrS.
1628 1872 1667 1937 1.
1712 1872 1753 1935 1.
1795 1894 1857 1955 p.
1907 1880 2024 1941 301
2100 1877 2167 1939 et
2231 1873 2486 1937 lexicon
2539 1873 2791 1936 Messa-

680 1994 879 2039 nense
941 1994 1151 2056 nuper
1202 1977 1537 2040 inventum
1592 1975 1678 2040 ab
1735 1976 2012 2060 Hugone
2069 1975 2278 2041 Rabio
2338 1974 2527 2057 (Mus,
2580 1974 2790 2041 Rhen.

679 2084 781 2156 47,
824 2082 998 2160 408).

1424 2270 1638 2353 Frgm.
1686 2276 1830 2337 243.
1879 2266 2045 2336 ὁάϊν.

849 2390 1090 2456 Forma
1136 2388 1255 2456 δαΐ
1301 2396 1405 2456 ter
1459 2389 1704 2474 legitur
1756 2389 1934 2474 apud
1989 2389 2370 2456 Homerum:
2439 2396 2511 2456 N
2548 2396 2674 2458 286
2726 2396 2797 2456 et

680 2494 742 2557 Ω
787 2501 908 2562 739
955 2492 1022 2560 ἐν
1052 2494 1169 2559 δαῒ
1208 2495 1401 2582 λυγρῇ
1445 2501 1512 2561 et
1540 2494 1607 2566 Ξ
1627 2502 1749 2562 387
1797 2492 1864 2559 ἐν
1908 2493 2024 2559 δαῒ
2066 2491 2391 2582 λευγαλέῃ.
2480 2492 2793 2576 Ambigui

674 2602 892 2663 autem
953 2602 1142 2662 erant
1195 2599 1606 2681 grammatici
1652 2604 1910 2663 essetne
1965 2596 2308 2680 ponendus
2366 2600 2675 2662 accentus
2721 2597 2792 2660 in

675 2701 894 2784 priore
942 2721 1026 2765 an
1072 2702 1437 2784 posteriore
1482 2700 1767 2784 syllaba3
1825 2700 1901 2765 cf.
1947 2699 2190 2765 Herod.
2234 2701 2301 2764 in
2347 2698 2548 2764 schol.
2595 2703 2651 2765 A
2698 2699 2790 2765 ad

676 2803 743 2874 Ξ
778 2811 899 2872 387
956 2798 992 2870 ὅ
1042 2797 1518 2890 Ἀσκαλωνίτης
1571 2802 1829 2889 βαρύνει
1885 2796 1976 2882 ὦς
2038 2803 2198 2868 Θέτι
2226 2824 2239 2838 ·
2267 2797 2331 2870 οἱ
2386 2800 2461 2869 δὲ
2518 2799 2793 2881 πλείους

676 2903 762 2987 ὡς
803 2905 1001 2996 φλεβί
1043 2900 1382 2989 ὀξύνουσιν,
1429 2899 1528 2986 οἷς
1560 2902 2127 2993 συγκατατίθεμαι
2166 2905 2333 2987 κτλ.,·
2377 2906 2587 2989 Etym.
2619 2905 2793 2970 Gud.

684 3018 820 3092 133,
873 3020 901 3078 1
954 3011 1291 3094 disiungit:
1360 3011 1510 3090 ὁαῒς
1553 3004 1594 3100 ἦ
1639 3001 1914 3094 λαμπὰς
1959 3001 2252 3089 ὀξύνεται
2298 3006 2371 3074 ἐκ
2413 3012 2527 3074 τοῦ
2573 3005 2784 3074 ὁαίω·

678 3112 825 3195 δάϊς
870 3113 944 3181 δὲ
989 3109 1029 3205 ἦ
1074 3112 1247 3203 μάχη
1292 3111 1684 3200 βαρυτόνως.
1761 3111 1841 3178 cf.
1876 3111 2096 3176 Orion.
2132 3119 2232 3192 50,
2269 3120 2345 3179 15
2393 3116 2461 3177 et
2505 3111 2710 3178 schol.
2748 3110 2793 3178 S

679 3219 765 3284 ad
809 3244 853 3284 α
897 3226 1042 3287 428.
1130 3216 1343 3286 Schol.
1377 3218 1439 3280 A
1489 3222 1708 3281 autem
1756 3214 1844 3279 ad
1887 3213 1953 3286 Ξ
1991 3221 2115 3283 387
2162 3214 2390 3281 habet:
2436 3209 2541 3280 ὅτι
2582 3212 2791 3301 βαρύ-

676 3345 850 3389 νεται
900 3317 941 3413 ἦ
985 3315 1215 3388 εὖθεῖα
1271 3321 1419 3400 δαῖς
1472 3315 1935 3401 διδασκόμεθα
1990 3315 2062 3383 ἐκ
2114 3321 2233 3407 τῆς
2286 3311 2475 3404 παρὰ
2527 3318 2788 3384 Καλλι-

677 3423 867 3514 μάχῳ
931 3421 1299 3515 αἰτιατικῆς
1353 3422 1467 3505 »ἐς
1533 3419 1680 3488 ὁάϊν
1744 3412 2081 3504 ὁπλισμὸν
2145 3422 2489 3488 ἵππειον“.
2565 3419 2788 3504 (frgm.

677 3536 851 3613 243)·
893 3524 932 3621 ἦ
979 3526 1102 3617 γὰρ
1132 3525 1401 3616 τοιαύτη
1447 3516 1780 3615 αἰτιατική
1826 3521 2258 3610 βαρυνομένην
2287 3519 2456 3589 αἰτεῖ
2483 3516 2789 3591 εὐθεῖαν·

676 3631 787 3699 καὶ
827 3630 905 3700 τὸ
952 3634 1099 3723 ὁῆϊς
1142 3631 1561 3716 συνομολογεῖ
1615 3632 1708 3715 τῷ
1763 3624 1930 3713 τόνῳ
1956 3649 1966 3660 ·
1991 3625 2355 3715 τραπέντος
2406 3620 2525 3714 γὰρ
2578 3632 2696 3694 τοῦ
2745 3654 2789 3693 α

677 3734 773 3818 εἰς
818 3764 855 3826 η
900 3736 1009 3803 καὶ
1051 3739 1165 3802 τοῦ
1210 3760 1236 3800 ι
1285 3730 1768 3811 πλεονάσαντος
1812 3728 2077 3817 ἐγένετο.

1528 3925 1740 4009 Frgm.
1786 3931 1932 3992 301.

1177 4097 1186 4106 .
1254 4038 1632 4126 Ἀπούατος
1676 4035 1942 4132 ἅγγελος
1986 4037 2195 4110 ἔλθοι.

853 4152 921 4219 Si
968 4151 1200 4218 Suidas
1247 4155 1424 4217 recte
1469 4149 1633 4216 haec
1677 4148 1878 4214 verba
1919 4147 2417 4215 circumscribit:
2478 4144 2789 4215 τουτέστι
