2969 4832
656 441 938 509 vidimus
994 442 1365 527 significant
1417 445 1722 513 colorem.
1811 446 1952 511 Iam
1998 449 2216 511 autem
2263 466 2615 530 quemnam
2660 467 2767 513 co-

656 546 859 613 lorem
907 545 1111 612 dicit?
1614 623 1617 626 ‚

832 652 1049 734 Atque
1104 648 1540 717 Schneiderus
1595 649 1861 735 quidem
1914 651 2036 718 hac
2079 652 2147 716 in
2195 653 2580 737 quaestione
2625 675 2768 721 sen·

656 753 933 820 tentiam
995 752 1274 837 protulit
1330 773 1528 837 quam
1597 755 1921 840 prolatam
1965 775 2007 820 a
2049 757 2187 822 viro
2244 755 2437 823 docto
2495 758 2766 835 nollem3

658 856 949 941 explicat
1004 855 1179 922 enim
1232 853 1427 937 κύνας
1481 852 1687 948 ἥμισυ
1740 853 1988 948 πηγούς
2045 879 2240 926 canes
2286 881 2554 944 quorum
2599 864 2771 926 color

658 965 827 1025 inter
880 961 1093 1024 album
1137 971 1196 1025 et
1237 964 1493 1045 niyrum
1551 964 1882 1027 interiacet
1923 968 1966 1025 i.
2011 984 2063 1028 e.
2110 966 2419 1044 cinereos;
2474 963 2589 1053 sed
2646 963 2772 1030 hoc

658 1084 873 1148 neque
936 1055 1139 1153 ἥμισυ
1195 1059 1446 1153 πηγούς
1490 1085 1701 1150 neque
1746 1060 2205 1157 ἧμισυπήγους
2246 1066 2614 1151 significare
2657 1088 2772 1151 po·

659 1171 813 1236 test.
888 1168 1084 1232 Venit
1127 1171 1348 1232 autem
1393 1168 1481 1234 ad
1526 1169 1695 1234 hanc
1739 1189 2115 1254 perversam
2162 1170 2555 1236 sententiam
2588 1170 2772 1253 duce,

657 1274 736 1335 ut
777 1270 898 1351 ait,
953 1273 1342 1355 Xenophonte
1388 1274 1461 1338 de
1522 1277 1730 1338 Venat.
1775 1273 1884 1354 IV,
1931 1281 1989 1354 7,
2050 1274 2166 1358 qui
2222 1276 2535 1360 eliyendos
2591 1295 2775 1340 canes

659 1378 976 1440 venaticos
1029 1376 1185 1439 dicit
1235 1378 1463 1460 quibus
1521 1379 1606 1441 sit
1651 1378 1889 1463 χρῶμα
1942 1374 2198 1444 ἁπλοῦν
2249 1376 2362 1444 καὶ
2413 1377 2776 1466 θηριῶδεςς

662 1478 720 1543 si
764 1480 985 1543 autem
1030 1478 1384 1544 evolvimus
1431 1478 1882 1564 Xenophontis
1926 1481 2158 1560 locum,
2217 1480 2512 1548 videmus
2557 1482 2776 1565 ipsum

661 1583 1064 1649 contrarium
1117 1581 1304 1647 illum
1360 1581 1607 1665 dicere,
1661 1583 1861 1649 verba
1904 1584 2075 1650 enim
2120 1588 2275 1649 sunt
2316 1583 2515 1651 haec:
2575 1581 2658 1650 τὰ
2702 1582 2777 1650 δὲ

658 1681 977 1806 χρώματα
1006 1677 1080 1751 οὗ
1104 1682 1229 1776 χρὴ
1275 1677 1444 1751 ειναι
1484 1689 1615 1751 τῶν
1657 1691 1860 1754 κυνῶν
1902 1678 2043 1754 ούτε
2086 1685 2303 1777 πυρρὰ
2348 1684 2491 1754 ούτε
2527 1684 2776 1772 μέλανα

663 1780 808 1856 ούτε
859 1784 1052 1855 λευκὰ
1105 1789 1491 1869 παντελῶς·
1524 1784 1671 1856 ε’στι
1731 1787 1855 1879 γὰρ
1909 1783 1979 1858 οὗ
2023 1794 2308 1877 γενναῖον
2350 1794 2569 1873 τοῦτο,
2629 1781 2774 1855 ἀλλ’

663 1888 912 1960 ἁπλοῦν
954 1890 1066 1959 καὶ
1085 1891 1462 1992 θηριῶδες.
1526 1916 1597 1957 αι
1642 1890 1764 1976 μὲν
1807 1882 1912 1960 οὖν
1957 1892 2201 2018 πυρραὶ
2255 1888 2522 1976 ἔχουσαι
2570 1888 2779 1960 ἔστω·-

663 2017 784 2064 σαν
836 1993 1065 2088 λευκὴν
1106 1990 1297 2084 τρίχα
1351 1993 1777 2062 ἐπανθοῦσαν
1832 1996 1990 2086 περὶ
2032 1994 2117 2063 τὰ
2160 1995 2504 2086 πρόσωπα
2548 1994 2662 2062 καὶ
2707 2020 2780 2062 αι

660 2098 984 2185 μέλαιναι,
1030 2095 1103 2166 αἱ
1148 2097 1224 2166 δὲ
1265 2096 1490 2165 λευκαὶ
1536 2096 1789 2188 πυρράν
1816 2102 1951 2167 κτλ.
1963 2103 2012 2184 1)
2098 2105 2312 2185 Atque
2342 2098 2780 2166 Schneiderus

663 2203 863 2269 verba
907 2198 1159 2269 ἁπλοῦν
1198 2200 1310 2268 καὶ
1338 2202 1675 2291 θηριῶδες
1718 2204 2003 2288 pendere
2045 2203 2330 2287 putabat
2373 2223 2415 2268 a
2440 2198 2562 2291 χρὴ
2592 2194 2779 2282 ειναι,

663 2327 811 2372 cum
855 2305 1189 2391 pendeant
1235 2304 1540 2371 nimirum
1587 2306 1672 2372 ab
1719 2301 1880 2374 ἔστι.

831 2409 974 2476 Iam
1032 2429 1184 2477 vero
1240 2407 1584 2476 Scheerius
1629 2433 1692 2495 p.
1744 2419 1819 2479 15
1883 2414 2078 2497 putat
2152 2409 2525 2476 Callimachi
2589 2406 2781 2490 κύνας

663 2511 912 2604 πηγούς
956 2515 1196 2579 eosdem
1241 2534 1366 2578 esse
1412 2517 1525 2598 qui
1568 2515 1644 2578 ab
1679 2513 1949 2579 Homero
1995 2511 2173 2593 κύνες
2216 2506 2405 2600 ἀργοί
2449 2516 2783 2579 dicantur:

663 2639 853 2703 quam
882 2638 1088 2682 vocem
1119 2638 1260 2682 cum
1291 2619 1408 2682 alii
1436 2613 1658 2684 λευκόν
1690 2619 1808 2682 alii
1848 2611 2044 2701 ταχύν
2086 2619 2493 2702 empticarint,
2546 2638 2785 2683 rursus

663 2723 809 2786 inde
867 2729 1082 2785 utram
1149 2724 1726 2805 interpretationem
1793 2724 1899 2787 ille
1954 2724 2249 2806 probarit
2312 2742 2430 2787 nos
2500 2720 2783 2788 edoceri.

667 2826 812 2905 Qua
886 2824 1213 2891 sententia
1278 2824 1564 2890 fortasse
1631 2846 1771 2891 rem
1837 2846 1960 2890 acu
2030 2825 2279 2910 tetigit3
2352 2823 2780 2891 nihilominus

662 2933 880 2994 autem
928 2928 1120 2994 silere
1187 2926 1369 3009 nolo,
1438 2927 1597 3011 quid
1666 2927 1969 3012 equidem
2037 2928 2343 3012 opinatus
2410 2928 2561 3007 sim,
2631 2948 2781 2993 cum

662 3031 969 3097 vidissem
1015 3029 1325 3097 Aulinum
1368 3052 1428 3114 p.
1475 3037 1579 3098 26.
1626 3053 2009 3116 comparare
2056 3031 2440 3097 Callimachi
2495 3028 2615 3098 δύο
2657 3030 2782 3115 μὲν

663 3132 858 3215 κύνας
900 3129 1104 3226 ἥμισυ
1146 3129 1395 3220 πηγούς
1439 3153 1583 3200 cum
1633 3155 1713 3200 ea
1754 3135 2088 3202 locutione
2133 3155 2302 3219 quae
2349 3139 2453 3199 est
2491 3137 2558 3200 in
2588 3157 2621 3200 ε
2655 3142 2781 3204 388

665 3236 778 3305 δύο
817 3230 875 3304 τ’
923 3228 1147 3329 ήματα
1202 3234 1440 3322 κύματι
1498 3241 1722 3326 πηγῷ,
1790 3260 1919 3323 quo
1973 3239 2119 3304 loco
2173 3259 2469 3303 sonorum
2521 3241 2783 3304 inversa

659 3346 794 3428 fere
839 3345 1007 3406 ratio
1050 3342 1385 3421 videatur;
1426 3340 1493 3406 id
1540 3341 1717 3425 quod
1762 3346 1942 3407 certe
1985 3361 2115 3406 non
2160 3362 2321 3406 casu
2363 3340 2611 3407 factum
2658 3348 2780 3424 est,

667 3445 786 3512 sed
832 3444 1157 3528 consulto;
1211 3466 1364 3510 nam
1409 3450 1484 3510 ut
1528 3445 1654 3516 hoc
1701 3450 1804 3512 est
1847 3449 2083 3531 poetae
2126 3465 2277 3510 vere
2323 3443 2779 3526 Alexandrini,

808 3706 849 3772 ¹)
888 3719 1031 3774 quae
1084 3704 1251 3760 verba
1291 3703 1351 3758 in
1398 3718 1567 3759 usum
1620 3717 1788 3756 suum
1841 3703 2110 3759 convertit
2144 3702 2349 3758 Pollux
2384 3702 2441 3758 V
2454 3743 2469 3770 ,
2503 3703 2599 3771 65,
2647 3721 2778 3760 cum

665 3790 942 3845 Arrianus
990 3806 1161 3845 ausus
1204 3791 1280 3846 sit
1322 3795 1516 3847 contra
1558 3788 1989 3860 Xenophontem
2034 3788 2215 3845 dicere
2257 3789 2318 3842 in
2353 3788 2561 3860 Cyneg.
2598 3788 2710 3859 VI,
2745 3793 2775 3846 1

662 3877 735 3931 τοὶ
787 3875 845 3930 δὲ
883 3875 1153 3950 χρώματα
1198 3872 1360 3930 οὐδὲν
1404 3874 1601 3930 διοίσει
1647 3874 1818 3931 ὁποῖα
1869 3873 1941 3929 ἄν
1984 3879 2210 3945 ἔχωσιν,
2260 3871 2372 3928 οὐδ’
2412 3878 2460 3928 εἰ
2495 3876 2782 3936 παντελῶς

664 3964 772 4017 εἶεν
815 3962 1070 4032 μέλαιναι
1114 3962 1152 4032 ἢ
1196 3968 1401 4038 πυρραὶ
1436 3961 1473 4032 ἢ
1508 3962 1709 4018 λευκαὶ.
1768 3959 1898 4016 ούδὲ
1941 3961 2008 4017 τὸ
2058 3961 2272 4018 ἁπλοῦν
2300 3960 2405 4032 χρὴ
2443 3962 2779 4019 ὑποπτεύειν

660 4051 755 4120 τῆς
788 4049 963 4124 χρόας
999 4046 1071 4109 οὖς
1104 4048 1390 4123 θηριῶδες.
