2969 4832
1470 387 1935 446 —106—

653 573 782 617 non
854 549 1119 642 ῥήσσειν
1176 551 1291 617 sed
1340 548 1687 641 πλήσσειν,
1750 549 1819 614 id
1892 549 2071 634 quod
2138 550 2278 634 ipse
2350 550 2781 615 demonstrat

650 654 712 720 h.
758 655 867 720 IV.
914 660 1037 722 306
1083 675 1275 719 versu
1319 674 1523 738 supra
1566 653 1789 731 citato.

1431 853 1543 919 IV.
1590 861 1649 921 4.
1697 844 1981 936 εὗυμνοι.

1983 962 2082 1038 Ἦ
2118 972 2240 1056 μὲν
2288 968 2549 1042 ἅπασαι

855 1075 1207 1156 Κυκλάὸες,
1255 1074 1334 1142 αἳ
1371 1075 1586 1167 νήσων
1631 1073 1984 1165 ἱερώταται
2029 1071 2122 1142 εἶν
2163 1071 2274 1142 ἁλὶ
2318 1079 2591 1154 κεῖνται,

849 1172 1125 1265 εἷῖυμνοι·
1176 1179 1400 1270 Δῆλος
1443 1172 1502 1245 δ’
1550 1178 1775 1247 ἐθέλει
1820 1178 1905 1245 τὰ
1949 1184 2184 1269 πρῶτα
2229 1178 2583 1268 φέρεσθαι.

822 1285 920 1350 De
974 1284 1100 1349 hoc
1163 1283 1310 1349 loco
1358 1282 1554 1350 verba
1611 1283 1763 1349 fecit
1804 1282 2139 1348 Vahlenus
2185 1283 2285 1347 vir
2341 1282 2772 1348 doctissimus

649 1390 726 1455 in‘
766 1387 898 1453 ind.
943 1386 1095 1453 lect.
1151 1386 1325 1452 univ.
1376 1386 1589 1451 Berol.
1642 1393 1805 1455 1889
1853 1391 2165 1470 recteque
2221 1408 2301 1452 ex
2348 1384 2537 1453 Hom.
2586 1385 2649 1449 h.
2702 1387 2771 1450 in

653 1490 867 1576 Apoll.
909 1490 1051 1559 Del.
1097 1512 1152 1554 v.
1202 1495 1280 1557 19

868 1597 1014 1674 πῶς
1054 1586 1113 1658 τ’
1162 1586 1245 1681 ὅῖρ
1294 1586 1352 1658 o·²
1401 1587 1668 1683 ὑμνήσω
1713 1589 1981 1672 πάντως
2025 1583 2293 1672 εὔυμνον
2337 1589 2558 1674 ἐόντας

654 1697 1127 1762 demonstravit
1180 1688 1482 1781 εὖύμνους
1514 1695 1834 1780 Cycladas
1880 1715 2008 1761 non
2058 1717 2222 1775 esse,
2268 1715 2439 1778 quae
2485 1695 2699 1761 multu

653 1799 1051 1866 carminibus
1098 1800 1409 1865 laudatae
1457 1804 1706 1878 essent,
1773 1799 1889 1865 sed
1952 1799 2129 1883 quod
2187 1798 2393 1864 multa
2447 1797 2676 1886 haber„
2744 1805 2777 1863 t

656 1904 872 1987 digna,
919 1924 1088 1988 quae
1122 1902 1523 1970 carminibus
1567 1908 1807 1987 poetae
1851 1906 2430 1987 prosequerentur.
2649 1910 2666 1921 ⁴

1341 2097 1450 2165 IV.
1501 2104 1603 2165 78.
1652 2094 2067 2162 πεπάλακτο.
2679 2155 2685 2160 .
2731 2130 2767 2165 ο

824 2217 1101 2283 Miretur
1142 2217 1405 2302 aliquiS,
1461 2219 1574 2301 qui
1631 2238 1712 2283 ex
1756 2217 2040 2283 Homero
2086 2218 2210 2282 scit
2251 2214 2626 2283 παλάσσειν
2682 2219 2780 2282 si-

654 2319 962 2404 gnificare
1003 2326 1120 2386 aut
1164 2322 1387 2401 sortiri
1425 2326 1542 2386 aut
1573 2340 2026 2405 conspergere,
2074 2321 2131 2384 si
2161 2319 2322 2404 legit
2352 2319 2530 2403 apud
2566 2319 2776 2385 Galli-

652 2424 957 2489 machum
1003 2427 1068 2489 in
1114 2425 1178 2493 h.
1210 2424 1318 2490 IV.
1367 2432 1468 2505 78,
1517 2424 1626 2490 ubi
1673 2431 1982 2490 narratur
2014 2429 2081 2489 et
2111 2424 2355 2509 oppida
2387 2429 2453 2490 et
2495 2422 2780 2490 flumina

657 2525 904 2611 fugisse
949 2528 1267 2592 Latonam
1310 2529 1681 2612 parituram

1443 2620 1479 2698 ὃ
1530 2623 1589 2696 δ’
1640 2631 1873 2696 εἵπετο
1919 2626 2166 2696 πολλὸν
2210 2620 2507 2697 ὄπισθεν

839 2725 1154 2813 Ἀσωπὸς
1195 2732 1596 2823 βαρύγουνος,
1647 2730 1798 2799 ἐπεὶ
1846 2729 2242 2798 πεπάλακτο
2285 2738 2593 2823 κεραυνῷ,

658 2844 725 2902 et
779 2836 1061 2903 fortasse
1127 2837 1367 2923 aliquis
1429 2837 1680 2903 incidat
1747 2839 1817 2901 in
1885 2837 2313 2901 mutationem
2384 2836 2779 2902 facillimam

656 2937 1075 3022 πεπάτακτο,
1133 2943 1527 3025 praesertim
1576 2962 1723 3005 cum
1769 2939 2011 3005 viderit
2054 2939 2477 3007 Aristotelem
2523 2945 2778 3006 meteo-

652 3043 858 3127 rolog.
901 3043 1014 3110 111.
1066 3052 1120 3111 1.
1168 3044 1386 3109 dicere
1437 3043 1518 3109 de
1565 3042 1865 3110 fulmine:
1912 3031 1950 3110 ὃ
1997 3040 2109 3108 ἐὰν
2155 3040 2445 3133 πατάξῃ,
2497 3041 2774 3130 διέστη-

654 3170 778 3229 σεν,
827 3145 1153 3213 ἐπέκαυσε
1197 3139 1256 3212 δ’
1306 3138 1395 3212 οὔ.
1487 3145 1615 3211 Sed
1663 3146 1826 3212 haec
1883 3146 2258 3211 coniectura
2312 3151 2387 3211 ut
2442 3152 2616 3212 esset
2668 3146 2775 3212 fa-

659 3248 925 3330 cillima,
972 3251 1068 3314 ita
1100 3250 1301 3315 etiam
1329 3249 1691 3330 levissima;
1736 3270 1885 3314 nam
1934 3246 2328 3315 πεπάλακτο
2357 3255 2538 3314 certo
2570 3249 2776 3315 Calli-

652 3351 862 3417 machi
907 3359 1026 3418 est.
1111 3353 1253 3418 Iam
1298 3373 1450 3419 vero
1499 3353 1660 3437 quid
1709 3351 2083 3436 significat?
2145 3355 2358 3436 Atque
2404 3354 2531 3419 hac
2575 3355 2642 3418 in
2692 3377 2776 3420 re

652 3454 824 3520 haud
874 3455 1005 3521 scio
1052 3476 1136 3520 an
1180 3477 1366 3523 nemo
1412 3456 1852 3541 adstipuletur
1893 3456 2309 3536 Doederlin0‚
2356 3458 2468 3540 qui
2513 3458 2583 3521 in
2631 3456 2772 3523 Ho-

653 3557 895 3623 merico
939 3560 1260 3642 glossario
1307 3558 1428 3625 sub
1486 3581 1760 3625 numero
1806 3567 1974 3646 2366
2029 3560 2408 3644 praemissis
2465 3560 2627 3625 locis
2684 3583 2774 3626 ex

653 3661 941 3728 Homero
1009 3663 1190 3729 velut
1243 3662 1317 3728 Il.
1360 3662 1565 3728 XVII.
1614 3670 1765 3742 297,
1835 3663 1959 3728 Od.
2014 3663 2121 3752 lx.
2182 3671 2333 3745 290,
2402 3663 2577 3730 XIII.
2640 3671 2770 3732 395

654 3765 838 3830 dicit:
909 3768 1124 3847 „Auch
1186 3768 1426 3830 Gallim.
1489 3768 1620 3832 Del.
1680 3771 1761 3831 78
1820 3761 1969 3832 ἐπεὶ
2029 3764 2424 3832 πεπάλακτο
2481 3771 2770 3855 κεραυνῷ

652 3870 888 3934 bezieht
930 3872 1059 3935 sich
1105 3871 1231 3955 auf
1265 3871 1364 3935 die
1412 3870 1691 3935 dunklen
1738 3870 2022 3951 Flecken,
2090 3871 2189 3935 die
2245 3871 2359 3935 der
2412 3890 2552 3934 vom
2597 3872 2770 3935 Blitz

652 3975 987 4059 qetroffene
1019 3978 1266 4057 Korper
1311 3975 1581 4038 behaltss
1651 3973 2016 4042 Lobeckius
2047 3977 2269 4039 autem
2297 3972 2555 4041 Pathol.
2585 3994 2650 4057 p.
2682 3980 2770 4041 88

653 4078 749 4143 ait
791 4073 1131 4143 παλάσσω-
1170 4076 1367 4143 verbo
1426 4081 1915 4161 praestructum
1969 4097 2111 4143 esse
2166 4073 2323 4142 πάω
2366 4077 2407 4141 i.
2455 4098 2510 4142 e.
2558 4072 2768 4158 παίω,

650 4182 877 4264 itaque
924 4177 1320 4249 πεπάλακτο
1364 4181 1491 4248 hoc
1535 4181 1680 4247 loco
1725 4181 1898 4246 idem
1946 4200 2087 4246 esse
2134 4184 2330 4264 putat
2356 4185 2559 4263 atque
2605 4178 2770 4246 ἐπέ-
