2969 4832
989 375 1454 437 -109—

178 562 531 626 usurpasse
562 541 829 608 verbum
874 533 1376 623 ἆποπὲκεσθαι,
1424 546 1498 605 ut
1527 539 1831 605 redderet
1860 539 2277 607 Homericum

177 641 554 729 πλοκάμους
599 639 831 726 ἔπλεξε
876 642 957 709 ἐκ
1001 641 1337 732 κράατος
1381 643 1579 728 quod,
1624 642 1867 728 legitur
1910 642 1976 715 Ξ
2018 652 2135 712 177

391 753 485 836 τῷ
532 742 588 832 ρ’
637 744 680 838 ἥ
723 771 794 835 γε
838 744 1000 834 χρόα
1044 742 1239 813 καλὸν
1283 741 1718 835 ἀλειψαμένη,
1765 744 1869 813 ἰδὲ
1911 747 2145 831 χαίτας

390 850 749 939 πεξαμένη,
791 850 973 935 χερσὶ
1021 848 1399 934 πλοκάμους
1443 844 1677 931 ἔπλεξε
1720 849 2028 938 φαεινούς
2089 878 2098 883 ·

391 948 627 1033 καλοὺς
670 949 1068 1040 ἀμβροσίους
1114 951 1185 1019 ἐκ
1229 950 1513 1040 κράατος
1555 945 1947 1021 ἀθανάτοιο.

175 1057 687 1123 Similitudinem
726 1078 916 1143 -quae
969 1056 1319 1122 intercedit
1381 1057 1558 1122 inter
1624 1056 1795 1122 hunc
1857 1056 2103 1140 locum,
2171 1058 2285 1124 ubi

176 1165 486 1226 narratur
527 1162 694 1226 Iuno
761 1182 831 1227 se
877 1162 1293 1227 exornavisse
1361 1164 1430 1225 et
1494 1161 1873 1244 compsisse,
1940 1167 2014 1226 ut
2065 1163 2281 1228 Iovem

178 1263 514 1348 deciperet
559 1265 832 1347 eiusque
881 1263 1103 1329 oculos
1152 1285 1195 1327 a
1236 1283 1457 1347 pugna
1513 1262 1906 1341 deverteret,
1976 1271 2046 1331 et
2088 1266 2284 1334 Calli·

176 1367 518 1432 macheum
587 1368 719 1432 iam
773 1367 1118 1432 Ernestius
1174 1366 1566 1446 observavit,
1635 1372 1835 1451 atque
1891 1368 2283 1434 Meinekium

174 1490 439 1554 quoque
501 1470 687 1536 video
752 1469 937 1534 illum
993 1469 1210 1536 locum
1265 1473 1499 1551 citare,
1570 1470 1686 1536 sed
1752 1474 1899 1555 ipsa
1952 1470 2151 1539 verba
2217 1470 2289 1538 ἐκ

177 1570 470 1660 κράατος,
536 1574 605 1638 in
653 1573 895 1657 quibus
939 1574 1038 1639 rei
1082 1580 1478 1639 momentum
1526 1574 1813 1658 positum
1869 1580 1989 1655 est,
2042 1577 2285 1641 omisit.

178 1680 495 1759 Apertum
542 1681 763 1743 autem
809 1682 912 1743 est
953 1677 1479 1761 praepositiones
1525 1674 1597 1741 ἐκ
1642 1683 1707 1742 et
1753 1669 1897 1744 ἀπὸ
1940 1678 2115 1761 apud
2155 1679 2287 1743 Ho-

183 1799 433 1845 merum
495 1779 1104 1863 Callimachumque
1160 1780 1434 1847 eandem
1489 1781 1837 1864 imaginem
1895 1780 2080 1847 nobis
2135 1786 2290 1846 ante

175 1881 395 1949 oculos
438 1903 709 1967 ponere3
777 1882 1035 1950 scilicet
1079 1883 1134 1947 si
1181 1884 1329 1967 quis
1375 1890 1497 1948 aut
1550 1883 1758 1967 pectit
1811 1883 2118 1967 capillum
2175 1891 2291 1950 aut

178 1987 388 2052 nectit
451 1983 825 2071 πλόκαμον,
895 2007 1130 2053 manus
1186 1993 1442 2054 amovet
1498 2007 1538 2051 a
1596 2006 1865 2070 corpore
1930 2007 2138 2071 usque
2204 1978 2290 2052 ad

183 2094 511 2154 extremas
559 2110 800 2158 comas.

1101 2281 1177 2345 V.
1230 2287 1369 2348 131.

358 2399 545 2467 Libri
589 2401 713 2467 hoc
756 2402 900 2468 loco
948 2400 1219 2467 habent:

278 2495 405 2585 εὩς
452 2502 716 2594 φαμένα
763 2503 1104 2571 κατένευσε
1134 2527 1148 2540 ·
1173 2499 1248 2570 τὸ
1295 2499 1353 2570 δ’
1401 2497 1649 2598 ἐντελὲς
1694 2491 1748 2593 ᾦ
1793 2499 1849 2571 κ’
1899 2504 2204 2596 ἐπινεύσῃ

449 2607 723 2687 Παλλάς
765 2608 902 2674 κτλ.

186 2715 399 2796 Atque
425 2712 860 2778 Schneiderus
887 2712 1138 2796 primus
1169 2711 1383 2777 locum
1414 2693 1855 2796 corruptelam
1886 2714 2293 2780 contraxisse

183 2835 302 2881 suo
345 2816 490 2882 iure
537 2815 907 2896 contendit;
970 2814 1130 2880 dicit
1184 2815 1385 2881 enim:
1443 2817 1699 2879 dativus
1752 2819 1811 2880 ei
1863 2819 2049 2880 verbo
2105 2814 2293 2900 (ἐπι-

181 2915 404 2999 νεύειν)
451 2922 777 3003 appositus
822 2940 962 2982 eum
1007 2920 1337 3004 siqnificat‚
1383 2924 1493 2982 cui
1534 2921 1690 3002 quid
1721 2923 2147 3003 promittitur,
2193 2941 2297 2985 res

185 3031 417 3102 autem,
472 3043 661 3106 quam
706 3024 847 3106 quis
885 3025 1233 3105 promittit,
1301 3025 1660 3086 accusativo
1706 3025 2119 3106 siqnificanda
2174 3031 2294 3094 esi,-

189 3145 355 3208 quae
403 3124 546 3190 sine
594 3123 795 3189 dubio
839 3131 1018 3192 recte
1066 3126 1354 3210 cogitata
1398 3130 1572 3191 sunt.
1665 3124 1804 3190 Iam
1860 3126 2294 3192 Schneiderus

189 3229 333 3312 ipse
379 3228 607 3293 citavit
648 3227 838 3293 Hom.
884 3234 966 3294 A
1012 3235 1157 3309 527,
1200 3228 1317 3294 ubi
1359 3228 1659 3311 Iuppiter
1702 3228 1863 3294 dicit

443 3325 514 3396 οὗ
556 3322 679 3416 γὰρ
724 3328 882 3415 ἐμὸν
927 3329 1403 3419 παλινάγρετον
1446 3323 1585 3398 οὐδ’
1633 3323 1975 3418 ἀπατηλὸν

444 3426 578 3500 οὐδ’
626 3426 1063 3520 ἀτελεύτητον,
1110 3430 1213 3500 ὅτι
1259 3457 1365 3499 κεν
1407 3435 1657 3524 κεφαλῇ
1700 3432 2091 3516 κατανεύσω,

188 3556 403 3620 neque
474 3534 767 3602 dubitari
837 3544 1087 3621 potest,
1163 3538 1321 3623 quin
1389 3539 1566 3603 hunc
1630 3536 1850 3604 locum
1916 3536 2074 3603 Call.
2141 3543 2292 3603 ante

191 3641 414 3707 oculos
468 3639 850 3723 habuerit.1)
934 3641 1077 3706 Iam
1122 3662 1274 3707 vero
1329 3662 1475 3706 cum
1521 3635 1559 3706 ὅ
1602 3632 1658 3705 κ’
1708 3638 2047 3729 ἐπινεύσῃ,
2117 3640 2292 3724 quod

191 3743 470 3809 fortasse
516 3743 830 3809 restituas
877 3763 958 3808 ex
986 3745 1288 3826 Homero,
1333 3745 1591 3811 restitui
1623 3743 1799 3808 nullo
1827 3743 2023 3810 modo
2054 3748 2294 3826 posset,

191 3846 628 3913 Schneiderus
674 3849 953 3913 coniecit
995 3844 1082 3928 ὥς
1121 3842 1177 3913 κ’
1227 3845 1556 3936 ἐπινεύσῃ.
1643 3845 1771 3913 Sed
1802 3846 2125 3913 Homerus
2155 3847 2294 3930 ipse

193 3948 520 4016 medelam
593 3949 783 4016 nobis
849 3952 1251 4037 suppeditat,
1325 3951 1399 4016 id
1466 3949 1642 4033 quod
1708 3949 1875 4015 vidit
1939 3949 2293 4030 Kaibelius,

333 4176 374 4242 ι)
412 4174 480 4229 cf.
518 4174 686 4228 etiam
722 4192 772 4230 v.
809 4175 911 4231 135
945 4176 1157 4250 κορυφαὶ
1193 4175 1320 4233 Διὸς
1355 4171 1455 4228 οὐκ
1493 4173 1727 4226 ἐπινεύει
1764 4171 1986 4245 ψεύδεα.
