2969 4832
986 399 1412 460 ...59-

1080 564 1154 630 V.
1205 571 1305 631 60.

489 680 691 751 Ἀλλὰ
735 682 843 749 καὶ
891 676 1178 771 άρχαίων
1220 672 1369 749 εἶτ’
1396 680 1516 748 ἐπὶ
1567 680 1918 748 Θεσπιέων

128 782 405 854 ἐλαύνοι
462 787 701 868 ἵππιος
752 787 1072 867 Minerva,
1139 807 1358 854 comes
1418 792 1522 851 est
1566 785 1884 854 Chariclo,
1976 786 2157 852 Haec
2202 787 2258 851 si

128 891 288 974 quis'
335 891 520 974 legit,
569 891 875 975 opinetur
920 882 1210 977 ἀρχαίων
1255 910 1395 955 esse
1443 888 1779 973 epitheton
1812 887 1990 973 quod
2035 888 2261 954 dicunt

129 1013 406 1060 ornans.
497 993 628 1060 Sed
673 994 730 1058 is
775 994 887 1078 qui
932 992 1229 1059 imbutus
1277 999 1378 1059 est
1424 991 1808 1060 Callimachi
1866 980 2106 1076 'genere
2167 990 2261 1055 di-

130 1097 353 1179 cendi,
424 1098 552 1162 scit
618 1097 834 1162 otiosa
893 1096 1144 1162 frustra
1201 1095 1432 1180 quaeri
1491 1094 1671 1180 apud
1727 1095 1900 1161 hunc
1963 1104 2258 1179 poetam3

127 1202 371 1285 itaque
417 1205 702 1266 statuere
749 1219 869 1265 nos
916 1203 1178 1284 oportet
1218 1200 1405 1266 illum
1438 1206 1618 1265 certo
1665 1198 1951 1283 quodam
1985 1198 2259 1265 consilio

132 1303 466 1387 Thespias
512 1304 885 1371 nominasse
931 1307 1255 1385 vetustas,
1322 1302 1452 1381 vel,
1517 1307 1592 1368 ut
1645 1308 1952 1368 accurate
2006 1302 2260 1386 loquar,

131 1406 578 1490 Thespienses
623 1410 932 1487 vetustoS‚
981 1405 1157 1489 quod
1201 1405 1548 1472 consilium
1593 1407 1967 1472 enucleasse
2014 1404 2267 1470 studuit

131 1509 488 1576 Kaibelius
547 1515 939 1596 praeceptor
982 1508 1508 1577 humanissimus.
1603 1509 1862 1576 Etenim
1906 1509 1977 1573 in
2031 1513 2093 1574 B
2134 1514 2262 1577 498

130 1613 385 1698 legitur

312 1715 657 1784 Θέσπειαν
704 1711 948 1804 Γραῖάν
992 1738 1066 1780 τε
1109 1713 1221 1781 καὶ
1263 1707 1594 1804 εὐρύχορον
1639 1712 2109 1803 Μυκαλησσόν.

139 1827 368 1907 Atque
416 1820 634 1887 Graea
680 1818 994 1904 oppidum
1041 1823 1274 1903 postea
1317 1819 1516 1902 plane
1562 1819 1846 1899 evanuit,
1891 1819 1988 1884 ita
2032 1824 2108 1883 ut
2151 1839 2260 1883 ne-

138 1926 396 1991 scirent
425 1923 860 2010 grammatici,
908 1921 1242 2006 quodnam
1276 1921 1591 2007 oppidum
1623 1922 1946 1988 Homerus
1992 1920 2264 2002 diceret3

137 2031 280 2095 iam
324 2032 515 2095 erant
556 2028 669 2113 qui
716 2025 1202 2092 arbitrarentur
1232 2025 1603 2108 Tanagram
1634 2046 1775 2090 esse
1808 2026 2112 2093 Graeam.
2184 2023 2263 2090 cf.

141 2132 391 2200 Strabo
437 2134 529 2218 (ni
578 2129 777 2196 fallor
821 2150 904 2195 ex
937 2127 1369 2212 Apollodoro)
1416 2127 1528 2210 IX,
1576 2136 1635 2210 2,
1688 2136 1765 2197 10
1810 2128 1921 2195 καὶ
1966 2123 2008 2220 ἦ
2056 2130 2265 2213 Γραῖα

144 2230 206 2303 ‹5’
244 2234 394 2302 ἐστὶ
424 2232 635 2314 τόπος
661 2227 968 2318 Ὠρωποῦ
1015 2227 1296 2319 πλησίον
1319 2282 1509 2298 .....
1541 2230 1713 2311 τινὲς
1743 2231 1817 2299 δὲ
1845 2236 1927 2322 τῇ
1967 2230 2265 2320 Τανάγρᾳ

142 2333 268 2433 τὴν
313 2332 518 2431 αὐτήν
561 2360 765 2427 φασιν
811 2343 878 2402 et
923 2356 1092 2420 quae
1139 2342 1368 2401 narrat
1410 2335 1604 2400 Paus.
1633 2333 1744 2418 IX,
1791 2343 1893 2416 20,
1941 2343 1977 2403 2
2027 2341 2094 2401 et
2138 2335 2267 2399 Eu·

144 2444 351 2509 stath.
408 2449 553 2524 266,
606 2448 703 2511 18.
802 2439 931 2508 Sed
990 2438 1191 2504 schol.
1238 2439 1291 2504 B
1339 2460 1399 2505 a.
1445 2439 1508 2504 h.
1552 2461 1609 2507 V.
1666 2440 1837 2505 hanc
1890 2440 2265 2524 opinionem

144 2546 457 2615 refellere
502 2546 755 2612 studet:
802 2551 864 2611 Γ
859 2546 1050 2632 ραῖαν
1074 2561 1090 2578 ·
1116 2534 1261 2610 ἀπὸ
1292 2539 1541 2630 Γραίας
1582 2547 1703 2635 τῆς
1744 2542 2102 2623 Μεδεῶνος
2145 2549 2267 2609 θυ-

141 2645 420 2740 γατρὸς,
489 2645 902 2717 Λευκίππου
963 2645 1037 2713 δὲ
1104 2644 1420 2733 γυναικός.
1516 2651 1912 2736 Ταναγραῖοι
1977 2638 2100 2734 γὰρ
2158 2639 2267 2711 οὐκ

146 2752 610 2842 ἐστράτευσαν,
657 2746 748 2832 ὥς
791 2743 1127 2839 Εὐφορίων
1168 2745 1284 2832 »οἳ
1309 2745 1515 2816 πλόον
1544 2743 1914 2841 ἠρνήσαντο
1943 2748 2051 2816 καὶ
2083 2744 2269 2836 ὅρκον

146 2854 592 2949 Αἶγιαλήων“
659 2856 768 2940 (cf.
814 2855 1008 2921 Mein.
1064 2853 1257 2939 frgm.
1303 2862 1404 2934 80,
1464 2876 1531 2939 p.
1584 2862 1703 2923 146
1771 2855 1874 2921 vel
1939 2853 2107 2920 anal.
2166 2852 2267 2921 Al.

147 2984 216 3047 p.
256 2964 424 3045 115).
497 2960 641 3028 Iam
670 2980 823 3026 vero
857 2957 1038 3039 Gall„
1084 2962 1161 3023 ut
1204 2962 1400 3042 putat
1435 2959 1799 3041 Kaibelius,
1848 2958 2268 3024 Homericum
2393 2969 2400 2978 ‘

147 3086 413 3132 versum
473 3063 673 3129 scribi
733 3062 941 3128 voluit
993 3059 1332 3129 Θέσπειαν
1390 3058 1620 3149 γραῖάν
1671 3085 1742 3129 τε
1801 3062 1935 3128 κτλ.
1952 3112 1966 3141 ,
2032 3061 2131 3126 ita
2195 3065 2271 3125 ut

149 3172 387 3259 γραῖαν
428 3168 766 3253 epitheton
799 3170 973 3232 esset
1001 3166 1086 3230 ad
1125 3163 1469 3232 Θέσπειαν
1499 3165 1817 3247 additum,
1863 3166 2038 3249 quod
2070 3164 2270 3231 etiam

150 3266 487 3362 εὐρύχορον
517 3270 881 3356 Mycalesso
913 3268 1214 3335 additum
1245 3272 1371 3351 est3
1417 3275 1619 3353 atque
1663 3269 1832 3335 hanc
1875 3268 2270 3334 sententiam

149 3375 454 3461 profiteri
497 3375 734 3457 voluit,
794 3394 944 3440 cum
989 3373 1252 3457 scripsit
1296 3365 1585 3462 ἀρχαίων
1636 3370 2003 3440 Θεσπιέων.
2091 3372 2270 3436 Haec

152 3479 460 3565 speciosa
511 3478 840 3543 sententia
892 3496 1101 3561 paene
1153 3499 1274 3561 pro
1329 3483 1510 3543 certo
1557 3476 1871 3545 affirmari
1922 3477 2167 3556 liceret,
2214 3475 2272 3539 si

153 3588 574 3668 compertum
618 3580 1012 3648 haberemus
1059 3579 1532 3648 Callimachum
1603 3601 1863 3666 quoque
1928 3580 1997 3645 in
2068 3578 2268 3644 dubio

153 3688 362 3754 fuisse
431 3687 515 3753 de
581 3684 820 3770 oppido
881 3682 1127 3766 Graea3
1197 3686 1436 3753 scimus
1501 3688 1722 3753 autem
1776 3706 1811 3751 e
1857 3683 2077 3768 Steph.
2123 3682 2272 3767 Byz.

152 3814 219 3877 p.
286 3799 437 3870 601,
502 3799 542 3860 2
609 3788 797 3856 illum
863 3787 985 3854 hoc
1050 3788 1366 3873 oppidum
1431 3789 1501 3853 in
1566 3788 1966 3874 Tanagraeis
2032 3785 2271 3852 finibus

155 3897 359 3962 situm
416 3892 851 3960 existimasse.
958 3891 1022 3957 Is
1067 3892 1242 3959 enim
1303 3891 1465 3958 dicit
1509 3915 1573 3977 p.
1622 3901 1765 3973 600,
1816 3900 1893 3961 12
1948 3889 2269 3980 Τάναγρα,

157 3997 356 4081 πόλις
387 3996 743 4079 Βοιωτίας,
792 3985 871 4088 ἣν
900 3990 1187 4083 Ὅμηρος
1217 4001 1279 4061 Γ
1273 3997 1463 4085 ραῖαν
1506 3997 1688 4064 καλεῖ
1731 3989 1843 4064 διὰ
1884 3992 1962 4063 τὸ
1992 3994 2273 4083 πλησίον

159 4096 323 4179 εἶναι
355 4156 370 4171 .
406 4155 421 4170 .
456 4155 472 4178 .
508 4154 523 4169 .
558 4154 574 4177 ,
621 4095 739 4200 τὴν
791 4098 865 4170 ,δὲ
923 4100 1167 4190 Γραῖαν
1231 4092 1390 4171 ἔνιοι
1458 4099 1771 4198 λέγεσθαι
1835 4097 1916 4174 τὸ
1982 4103 2087 4166 νῦν
2151 4102 2271 4199 τῆς
