2969 4832
1502 305 1920 371 .-48....

592 526 598 541 ,
659 495 803 544 κεον
846 472 1051 542 voluit
1092 473 1266 540 idem
1313 472 1686 558 significare
1732 480 1931 558 atque
1961 474 2233 540 Homeri
2275 470 2545 557 χάλκεος
2575 461 2766 563 οὖρα-

659 577 767 660 νός
800 585 860 645 Ρ
896 587 1022 647 425
1070 577 1172 644 vel
1217 574 1624 659 πολύχαλκος
1668 569 1938 665 οὐρανός
1979 602 2019 677 y
2063 586 2121 660 2,
2169 581 2229 644 Ε
2268 583 2416 646 504.
2429 584 2478 659 1)
2569 578 2764 661 Atqui

660 687 881 766 potest
946 703 1102 748 sane
1177 681 1377 746 etiam
1454 679 1631 764 apud
1692 670 2048 746 Homerum
2115 674 2326 773 αἰθήρ
2387 680 2562 746 idem
2631 700 2765 745 esse

658 791 859 869 atque
905 780 1205 871 οὗρανός,·
1248 806 1377 851 ιιοιι
1398 790 1646 869 potest,
1693 785 1749 850 si
1773 778 2043 871 οὐρανός
2087 791 2187 850 est
2231 783 2557 866 „solidum
2604 783 2768 848 coeli

657 887 1156 968 firmamentum,
1198 880 1275 955 τὸ
1322 885 1733 976 στερέμνιον“
1779 895 1853 952 ut
1895 887 1997 953 his
2040 887 2223 957 locis..
2312 888 2544 953 Restat
2585 886 2767 952 locus

656 990 768 1059 ille
837 992 1005 1057 sexti
1070 991 1332 1076 hymni,
1385 1013 1531 1058 cum
1599 1011 1732 1075 quo
1800 989 2234 1056 conferendus
2305 995 2405 1056 est
2466 989 2767 1074 Apollon.

656 1094 865 1162 Rhod.
909 1094 1015 1159 IV.
1061 1102 1184 1162 945

743 1190 890 1263 αἰθ’
923 1196 1210 1286 (πέτραι)
1248 1191 1358 1263 ὁτὲ
1398 1195 1520 1281 μὲν
1564 1200 1871 1285 κρημνοῖς
1916 1193 2275 1284 ἐναλίγκιαι
2321 1191 2475 1287 η’έρι
2519 1200 2730 1285 κῦρον.

658 1300 793 1365 Hos
861 1300 1245 1367 Callimachi
1307 1300 1771 1384 “Apolloniique
1843 1300 2023 1365 locos
2099 1301 2211 1385 qui
2278 1301 2773 1384 camparaverit,

658 1405 805 1488 quis
849 1424 983 1469 non
1028 1404 1254 1469 statim
1301 1402 1742 1488 suspicabitur
1788 1404 1985 1468 etiam
2028 1403 2134 1469 hic
2176 1409 2254 1469 ut
2296 1424 2494 1488 saepe
2511 1409 2564 1487 2)
2593 1404 2772 1479 ,alte-

621 1490 802 1571 'rum
849 1506 1129 1573 alterum
1176 1510 1504 1592 corrigere
1549 1496 1924 1572 studuisse?
2012 1507 2148 1572 [am
2181 1513 2331 1574 uter
2373 1512 2598 1572 utrum
2630 1528 2772 1587 cor·

655 1610 925 1690 rexerit,
984 1632 1131 1676 cum
1184 1612 1577 1692 nesciamus,
1647 1611 1911 1694 quando
1977 1610 2037 1675 h.
2095 1611 2197 1675 VI.
2264 1632 2304 1675 a
2371 1609 2771 1685 Callimacho

659 1715 942 1797 scriptus
989 1714 1106 1796 sit,
1140 1735 1403 1799 „magna
1459 1718 1560 1791 est
1605 1715 1928 1796 quaestio.
2037 1713 2317 1780 Probius
2371 1734 2540 1779 sane
2574 1713 2775 1793 habet

658 1814 842 1896 Call„
898 1816 1016 1882 sed
1070 1838 1217 1882 cum
1270 1816 1625 1891 verisimile
1672 1817 1781 1897 sit,
1836 1823 1911 1882 ut
1955 1838 2158 1900 supra
2202 1817 2357 1897 dixi,
2415 1838 2638 1882 veram
2687 1818 2771 1882 si·

655 1916 1135 2001 gnificationem
1191 1919 1491 2017 vocabuli
1548 1915 1823 2006 αἰθέρος
1877 1919 2062 1985 illum
2120 1921 2501 2001 nescivisse,
2570 1921 2772 1984 immo

656 2021 835 2087 falso*
860 2021 1039 2088 'illud
1082 2032 1435 2107 usurpasse
1481 2022 1674 2089 modo
1722 2024 2109 2090 viderimus.
2156 2029 2452 2108 praestet
2483 2022 2609 2089 hoc
2641 2044 2772 2089 non

655 2146 971 2208 premere
1087 2125 1229 2191 Iam
1297 2147 1450 2192 vero
1521 2133 1802 2210 apparet
1848 2126 2266 2211 Apollonium
2329 2133 2484 2229 ante
2544 2127 2773 2192 oculos

655 2226 963 2293 habuisse
1006 2255 1055 2313 μ
1105 2236 1183 2297 '75

828 2326 889 2396 οἰ
935 2328 1010 2397 δὲ
1055 2330 1188 2397 δύω
1230 2328 1587 2408 σκόπελοι·
1605 2327 1658 2400 ·o‘
1673 2331 1824 2418 μὲν
1871 2325 2141 2421 οὐρανὸν
2184 2325 2360 2421 εὐρὺν
2406 2329 2611 2400 ικάνει

831 2431 1006 2524 ὀξείῃ
1052 2440 1319 2525 κορυφῇ
1325 2438 1473 2511 κτλ.
1543 2474 1609 2513 ··:
1749 2503 1754 2512 ,

663 2558 809 2603 οιιιιι
840 2537 948 2602 hic
981 2560 1240 2623 quoque
1274 2540 1353 2605 de
1385 2540 1734 2607 altitudine
1781 2537 2062 2626 scopuli
2080 2563 2292 2608 sermo
2334 2548 2528 2622 esset,
2576 2542 2779 2608 Calli-

656 2641 950 2707 machum
1002 2649 1241 2725 autem,
1311 2656 1495 2709 cum
1523 2643 1639 2718 de-
1668 2644 1905 2710 arbore
1973 2646 2222 2713 diceret
2288 2641 2518 2733 αἰθέρι
2562 2649 2775 2734 κῦρον,

657 2763 1007 2811 memorem
1075 2746 1260 2811 illum
1336 2746 1539 2813 fuisse
1606 2716 1899 2824 locorum
1961 2733 2460 2815 Homericorum
2515 2749 2701 2815 velut
2746 2773 2778 2815 ε

657 2855 780 2916 23¹7
826 2870 924 2932 sq.
970 2838 1123 2939 ἦρχε
1170 2844 1227 2916 δ’
1277 2845 1455 2918 ὁδοῖο

786 2948 987 3042 ῐνήσου
1033 2951 1161 3018 ἐπ’Δ
1190 2948 1516 3046 ἐσχατιὴν,
1565 2949 1685 3022 ὅθι
1730 2955 1996 3045 δένδρεα
2038 2949 2255 3045 μακρὰ
2300 2953 2639 3043 πεφύκειν,

783 3052 1040 3146 κλήθρη
1084 3051 1142 3123 τ’
1192 3052 1477 3147 αἴγειρός
1519 3051 1606 3123 τ’
1627 3056 1820 3147 ἐλάτη
1863 3052 1921 3125 τ’
1970 3049 2049 3151 ἦν
2094 3054 2533 3150 οὐρανομήκης

658 3161 725 3221 et
767 3157 832 3225 Ξ
867 3166 991 3227 287
1039 3181 1134 3246 sq.

788 3256 883 3341 εἰς
927 3261 1159 3353 ἐλάτην
1204 3258 1456 3352 ἀναβὰς
1500 3226 1958 3392 περιμήκετον,
2003 3292 2044 3357 η
2090 3260 2224 3334 τότ’
2260 3265 2341 3333 ἐν
2363 3258 2509 3355 ’Ίὸῃ

784 3364 1157 3456 μακροτάτη
1201 3373 1496 3458 πεφυυῖα
1541 3364 1607 3435 δί
1652 3362 1845 3461 ήέρος
1889 3364 2107 3455 αἰθέρ’
2153 3370 2388 3437 ἵ.κανεν

655 3468 825 3534 Hinc
869 3470 1075 3554 igitur
1119 3472 1275 3539 Call.
1332 3473 1567 3539 didicit
1621 3473 1791 3539 altas
1848 3473 2112 3540 arbores
2169 3494 2288 3557 per
2344 3476 2564 3539 aerem
2619 3496 2774 3557 pro-

656 3573 905 3640 minere
951 3575 1020 3639 in
1065 3575 1362 3658 aethera„
1422 3581 1624 3660 atque
1668 3576 1838 3643 hanc
1883 3576 1967 3643 ob
2015 3581 2284 3659 causam
2329 3577 2595 3661 scripsit
2641 3574 2773 3644 αἰ·-

653 3673 838 3764 θέρι
893 3682 1094 3766 κῦρον.
1205 3680 1335 3744 Sed
1379 3700 1599 3745 veram
1654 3679 2199 3764 significationem
2255 3675 2532 3769 αἰθέρος
2582 3680 2773 3747 illum

654 3778 992 3864 ignorasse
1039 3782 1140 3849 vel
1186 3804 1268 3851 ex
1313 3783 1435 3851 hoc
1479 3784 1624 3849 loco
1678 3783 2095 3868 perspicuum
2153 3789 2284 3866 est3
2360 3783 2534 3867 fugit
2598 3787 2770 3849 enim

794 4023 939 4093 ¹.)cf
975 4023 1165 4079 Aulin.
1202 4022 1239 4076 l.
1277 4025 1310 4077 l.
1346 4041 1402 4093 p.
1438 4024 1525 4088 ‘’3,
1553 4023 1777 4079 Scheer.
1814 4041 1864 4094 p.
1903 4025 1984 4078 17.

793 4109 941 4177 ²)cf.
978 4127 1032 4179 p.
1068 4111 1152 4164 23.
