2969 4832
999 347 1423 422 φρὴν-,ὸ

156 522 272 599 ‚BD
319 527 401 593 ad
448 526 507 594 E
546 536 674 596 422
720 556 807 584 =
849 528 953 593 Et.
997 529 1210 610 Magn.
1261 533 1402 605 547,
1452 534 1489 592 2
1559 519 1635 592 οὗ
1688 521 1811 613 γὰρ
1875 517 2266 608 πειθόμεθα

163 635 298 709 τοῖς
364 629 697 719 νεωτέροις
721 682 903 697 .....
943 623 1082 696 οὐδ’
1154 624 1244 708 ῶς
1306 621 1787 715 ’Ἐρατοσθένης
1852 626 2267 717 παρήκουσεν

163 727 434 824 Ὁμήρου
492 730 797 811 εἰπόντος
847 727 1142 820 Ἑρμείας
1197 725 1488 819 ἀκάκητα
1514 795 1516 797 ,
1541 727 1645 796 ὅτι
1698 725 1839 798 ἀπὸ
1880 725 2268 818 Ἀκακησίου

162 828 359 923 ὅρους,
404 829 542 902 ἀλλ’
592 830 626 901 5
668 833 942 921 μηδενὸς
986 838 1185 901 κακοῦ
1228 829 1659 918 μετιωοτικός
1704 840 1769 899 et
1799 835 2009 901 Oram.
2043 832 2268 901 anecd.

164 941 305 1009 Par.
349 940 470 1018 III,
528 961 590 1022 p.
638 947 714 1006 21
767 933 856 1017 ὦς
898 937 1018 1021 μὲν
1061 933 1543 1025 Ἐρατοσθένης
1598 932 1831 1023 φησίν,
1897 927 2036 1002 ἀπὸ
2069 928 2267 1002 Ἀκα-

164 1039 354 1132 κήτου
395 1034 587 1129 ὅρους
631 1037 801 1108 οὕτω
848 1043 1100 1128 λέγεται
1145 1037 1179 1106 5
1220 1035 1539 1130 Ἑρμῆς.1)
1640 1040 2078 1105 Posteriorem
2123 1060 2268 1104 sen-

165 1146 431 1210 tentiam
497 1146 858 1211 invenimus
932 1144 1256 1228 prolatam
1333 1145 1532 1208 etiam
1598 1143 1664 1207 in
1722 1142 1919 1208 schol.
1968 1146 2020 1207 A
2069 1143 2152 1208 ad
2198 1148 2277 1207 H

169 1254 283 1315 185
329 1242 635 1332 Ερμείας
681 1241 1011 1336 ἀκάκητα·
1038 1243 1139 1313 ὅτι
1169 1297 1357 1314 .....
1380 1246 1492 1312 καὶ
1538 1239 1651 1314 οὐκ
1693 1238 1830 1312 ἀπὸ
1875 1250 1988 1311 τοῦ
2031 1244 2099 1312 ἐν
2118 1239 2269 1334 Ἀρ-

167 1349 361 1439 καδίᾳ
414 1374 644 1435 αντρου
686 1343 1076 1438 Ἀκακησίου
1132 1347 1656 1438 προσηγόρευται
1709 1342 1867 1415 καθ’
1910 1345 2192 1437 Ὅμηρον
2236 1344 2271 1414 5

163 1449 399 1544 Ερμῆς
439 1446 840 1578 Ἀκακῆσιος,
888 1447 1057 1520 ἀλλὰ
1101 1451 1211 1519 ὄια
1249 1447 1327 1518 τὸ
1356 1478 1555 1519 κακου
1596 1445 1871 1574 μηδενὸς
1917 1448 2272 1540 παραίτιος

163 1553 500 1642 γίνεσθαι.
527 1584 566 1648 η
614 1553 649 1622 5
693 1556 785 1648 μὴ
835 1556 1182 1641 δυνάμενος
1225 1560 1607 1646 κακωθῆναι
1653 1548 1785 1621 ἱπὸ
1831 1549 2048 1642 ετέρου
2069 1575 2084 1591 ·
2114 1551 2272 1620 ὅθεν

164 1659 269 1726 καὶ
317 1658 518 1750 δοτὴρ
564 1656 763 1741 ἑάων,
833 1657 870 1727 ὅ
915 1659 1058 1726 ἐστι
1111 1665 1243 1726 τῶν
1288 1658 1586 1747 ἀγαθῶν,
1656 1664 1723 1723 et
1775 1657 1977 1723 schol.
2034 1656 2271 1725 Townl.
2367 1673 2372 1678 ’

165 1784 219 1831 a.
262 1764 304 1828 1.
353 1764 396 1828 l.
441 1761 682 1853 Ἑρμῆς
735 1762 960 1849 ὄιότωρ
1017 1759 1199 1845 ἑάων,
1256 1758 1495 1853 Ἑρμῆς
1539 1758 1807 1827 πάντων
1850 1753 2121 1846 ἀγαθῶν
2165 1753 2271 1824 αἶ’-

167 1890 301 1945 τιος
340 1916 527 1932 .....
588 1865 661 1948 ἐξ
712 1865 904 1932 αὐτοῦ
958 1866 1032 1932 δὲ
1085 1865 1163 1932 τὸ
1219 1861 1615 1955 Ἀκακήσιον
1681 1855 1858 1951 ὅρος,
1926 1870 1992 1928 et
2064 1862 2271 1947 Apoll.

165 1968 358 2051 Soph.
405 1976 509 2050 20,
559 1977 584 2033 1
648 1968 899 2056 λέγεται
945 1968 1019 2035 δὲ
1063 1965 1265 2049 οὕτως
1310 1965 1345 2035 5
1387 1963 1629 2057 Ἑρμῆς
1674 1961 1709 2033 5
1751 1960 2031 2053 μηδενὸς
2081 1969 2274 2031 κακοῦ

168 2071 698 2159 περιποιητικός.
811 2072 1062 2137 Dubius
1108 2078 1327 2137 autem
1375 2078 1474 2136 est
1521 2070 1717 2135 schol.
1765 2071 1816 2134 L
1861 2075 2273 2156 θεραπευτι-

167 2167 380 2264 κός.ἢ
432 2170 468 2241 5
516 2174 581 2240 ἒν
619 2170 860 2265 Ἀκάκῃ
905 2173 1287 2259 τιμώμενος,
1336 2167 1470 2262 ’όρει
1513 2168 1883 2260 Ἀρκαδίας.
1952 2173 2091 2238 Iam
2123 2194 2273 2237 vero

167 2276 323 2344 Call.
385 2299 532 2343 cum
593 2279 823 2345 scribit
876 2274 1173 2367 Ἑρμείης
1208 2275 1618 2368 Ἀκακήσιος,
1672 2276 1925 2341 indicat-
1970 2296 2110 2341 sese
2156 2298 2275 2359 pu-

165 2384 307 2447 tare
387 2381 746 2448 Homerum
824 2404 864 2448 a
929 2388 1151 2449 monte
1221 2381 1336 2446 illo
1415 2380 1813 2447 Mercurium
1888 2380 2275 2461 nominasse,

166 2506 313 2550 nam
362 2506 443 2551 ex
490 2485 612 2551 hoc
659 2485 799 2552 solo
845 2489 1124 2568 nomine,
1169 2507 1300 2551 non
1344 2507 1385 2550 a
1430 2505 1583 2549 voce
1628 2480 1825 2563 κακός
1869 2507 2016 2549 cum
2060 2509 2103 2548 α
2141 2486 2274 2568 pri-

165 2589 380 2657 vativo
427 2589 750 2674 praedita,
808 2589 1019 2655 forma
1059 2586 1451 2679 Ἀκακήσιος
1499 2588 1796 2653 derivata
1842 2608 1982 2652 esse
2028 2593 2274 2670 potest;

165 2692 390 2774 itaque
437 2713 672 2777 magno
719 2695 780 2756 A
826 2688 1214 2783 Ἀκακήσιος
1257 2692 1642 2758 vocabulum
1698 2689 2111 2756 scribendum
2157 2695 2275 2768 est,

86 2865 95 2870 ,
167 2799 235 2859 ut
280 2794 441 2860 fecit
483 2795 738 2864 Wilam.
797 2834 877 2844 —-
940 2797 1243 2862 Ceterum
1290 2795 1370 2861 de
1415 2795 1625 2861 forma
1667 2790 1960 2883 Ἑρμείης
2013 2793 2133 2858 hoc
2180 2792 2276 2857 di—

165 2898 446 2962 cendum
520 2905 650 2963 est:
725 2899 1112 2984 Apollonius
1186 2899 1480 2965 Rhodius
1553 2898 1755 2963 habet
1818 2903 1892 2963 ut
1958 2897 2276 2961 Homerus

166 3006 424 3065 tautum
478 2996 791 3088 Ἑρμείας.
905 3002 1063 3070 Call.
1123 3008 1341 3068 autem
1394 3003 1566 3068 hanc
1621 3002 1896 3067 formam
1952 3019 2274 3082 nusquam

166 3105 454 3185 admisit,
501 3126 646 3171 cum
693 3106 874 3171 nefas
922 3127 1062 3172 esse
1109 3106 1545 3171 arbitraretur
1592 3105 1878 3169 divinum
1923 3103 2276 3167 Homerum

165 3212 301 3271 tam
357 3214 670 3273 accurate
723 3210 996 3290 imitari3
1063 3211 1290 3292 itaque
1349 3215 1465 3274 aut
1507 3203 1801 3295 Ἑρμείης
1868 3206 2100 3272 scribit
2164 3210 2277 3269 aut

164 3305 422 3398 Ἑρμᾶς.

340 3414 723 3481 Simillimus
768 3416 948 3482 locus
994 3416 1215 3482 statim
1262 3420 1602 3498 sequatur:

758 3605 973 3689 Frgm.
1021 3612 1099 3673 66
1127 3604 1169 3672 f.
1239 3611 1298 3671 Γ
1292 3600 1683 3670 λαυκώπιον.

345 3724 828 3803 Quaerentibus
905 3726 1113 3806 nobiS‚
1188 3726 1348 3808 quid
1416 3723 1826 3808 grammatici
1894 3723 2149 3807 antiqui
2197 3724 2277 3789 de

170 3828 572 3912 etymologia
618 3828 792 3893 vocis
859 3829 1239 3915 γλαυκῶπις
1302 3828 1690 3908 censuerint,
1744 3826 2091 3891 nonnullas
2139 3827 2275 3910 opi-

309 4071 353 4138 1)
386 4070 455 4124 cf.
505 4067 690 4123 Hiller
733 4067 1116 4123 Eratosthenis
1165 4067 1413 4123 carmina
1457 4084 1511 4138 p.
1548 4068 1583 4120 8
1627 4082 1774 4137 seqq.
1825 4066 1923 4121 ubi
1966 4067 2131 4121 etiam
2168 4065 2278 4120 alia

171 4155 501 4211 testimonia.

1773 4240 1847 4296 5*
