2969 4832
1512 323 1930 385 -20-

671 480 1053 574 ἀμβολάδην
1097 487 1462 572 explicatur
1509 486 1582 570 ἐξ
1622 481 1980 579 ὑποβολῆς,
2042 496 2314 574 apparet
2366 490 2490 555 hoc
2535 489 2779 574 signifi·

672 610 819 655 care
864 589 1081 656 bullas
1127 593 1196 657 in
1242 591 1445 658 vicem
1492 591 1593 657 vel
1635 592 1884 658 alterne
1940 593 2260 658 excitatas
2317 613 2458 659 esse
2513 593 2642 673 ita,
2688 599 2782 670 ut,

668 693 1043 778 ubicunque
1103 695 1235 760 alia
1294 694 1724 775 dissiluisset,
1791 695 2013 761 statim
2066 696 2196 761 alia
2250 696 2780 779 subsequeretur.

670 797 859 876 Quod
904 819 1099 881 quam
1148 798 1425 865 maxime
1479 797 1764 865 dilucide
1820 800 2295 883 perspicueque
2343 799 2591 865 dictum
2639 821 2781 866 esse

668 921 856 966 nemo
922 921 1163 985 negare
1229 905 1465 985 potest.
1557 903 1796 985 Atque
1855 924 2029 968 nunc
2081 907 2269 987 patet
2322 924 2402 968 ex
2454 903 2576 968 hoc
2632 902 2780 968 loco

668 1004 1103 1089 Etymologici
1168 1003 1452 1069 tutelam·
1499 1025 1616 1070 nos
1670 1004 1967 1089 accipere
2022 1006 2167 1071 eius
2218 1006 2783 1089 interpretationis

668 1128 862 1190 quam
907 1107 1327 1173 adhibuimus
1359 1108 1428 1172 in
1458 1129 1716 1174 versum
1748 1107 2278 1177 Callimacheum.
2369 1109 2630 1184 Etenim
2653 1108 2782 1192 Cy·-

669 1210 890 1295 clopes
937 1231 1200 1294 quoque
1247 1212 1440 1294 quasi
1487 1208 1563 1295 ἐξ
1589 1209 1925 1303 ὑποβολῆς
1968 1211 2222 1278 fervens
2252 1211 2497 1277 ferrum
2530 1211 2783 1278 malleis

666 1315 1046 1398 percutiunt
1088 1317 1339 1406 ita,qut,
1386 1317 1440 1380 si
1486 1315 1653 1381 alter
1699 1316 1903 1380 ictum
1950 1314 2203 1396 fecerit,
2261 1314 2429 1382 alter
2473 1314 2785 1380 succedat

666 1418 843 1483 velut
886 1419 1254 1503 rhapsodus
1298 1418 1648 1503 rhapsod0,
1693 1419 1797 1484 vel
1841 1417 2025 1484 bulla
2067 1417 2306 1484 bullae.

1437 1658 1552 1727 III.
1599 1665 1699 1727 90.
1769 1655 1994 1746 πηγός.

803 1811 919 1878 Τὶν
962 1811 1347 1899 (Minervae)
1406 1808 1463 1878 δ’
1515 1812 1552 1881 ὅ
1594 1810 1922 1905 γενειήτης
1981 1809 2096 1880 δύο
2149 1812 2287 1899 μὲν
2330 1809 2517 1892 κύνας
2574 1809 2784 1904 ἥμισυ

2109 1908 2357 2039 πηγοὺς

793 2021 964 2106 τρεῖς
1009 2017 1083 2085 δὲ
1126 2013 1539 2144 >παρουαίους
1582 2018 1693 2086 ἕνα
1737 2013 1794 2086 ὂ
1845 2015 2078 2101 αἰόλον,
2122 2043 2184 2086 οι
2230 2026 2312 2107 ῥα
2355 2003 2623 2100 λέοντας

795 2114 1025 2202 αὐτοὺς
1069 2114 1453 2212 αὖερύοντες,
1502 2118 1610 2191 ὅτε
1655 2120 2003 2211 ὄροὶξαιντο
2048 2122 2310 2209 ὄεράων,

792 2216 1074 2302 εἷλκον3
1046 2250 1145 2293 ετι
1195 2223 1476 2308 ζώοντας
1521 2219 1630 2292 ἐπ’
1680 2219 1922 2308 αὖλίοῃυ
1972 2219 2148 2291 ἑπτὰ
2192 2218 2248 2291 δ’
2298 2220 2504 2291 ε’ὄωκε

792 2326 1139 2410 θάσσονας
1182 2325 1439 2418 αὐροὶων
1486 2325 1973 2419 Κυνοσουρίόας
2015 2329 2151 2395 κτλ.

835 2449 1117 2517 Difficile
1164 2456 1264 2517 est
1306 2451 1645 2517 intellectu
1701 2449 1865 2534 quid
1912 2450 2075 2519 Call.
2131 2449 2407 2514 voluerit
2465 2450 2781 2533 epithetis

664 2574 833 2637 quae
901 2553 1085 2619 dedit
1150 2554 1438 2620 canibus.
1548 2555 1774 2637 Atque
1840 2553 2139 2618 ultimum
2199 2553 2467 2636 quidem
2511 2551 2781 2622 θάσσο-

662 2682 776 2735 νας
819 2648 1105 2743 αὗροὶων,
1175 2662 1250 2722 ut
1292 2658 1377 2723 ab
1424 2658 1546 2723 hoc
1590 2658 1848 2722 initium
1892 2656 2157 2737 faciam,
2227 2658 2386 2739 quid
2456 2658 2782 2742 significet
2836 2722 2843 2729 .

662 2760 803 2825 luce
852 2766 952 2826 est
996 2761 1261 2837 clarius;
1311 2760 1549 2827 deinde
1596 2756 1818 2826 αἰόλον
1861 2759 2108 2825 dictum
2142 2765 2244 2826 est
2272 2781 2393 2843 pro
2425 2760 2779 2828 Homerico

665 2861 948 2951 ποικίλῳ
994 2863 1104 2950 (cf.
1151 2870 1220 2930 K
1266 2869 1348 2931 30
1394 2861 1737 2953 παρδαλέῃ
1782 2859 2055 2952 ποικίλῃ
2100 2884 2293 2947 quem
2346 2863 2562 2929 locum
2605 2887 2790 2932 com--

661 2972 857 3052 parat
888 2967 1288 3052 Scheerius);
1331 2964 1738 3054 παρουαίους
1780 2972 1997 3032 autem
2028 2987 2236 3052 nuper
2266 2966 2523 3031 demum
2557 2989 2781 3052 reper-

663 3078 802 3136 tum
848 3076 950 3136 est
992 3070 1076 3135 ab
1125 3071 1417 3155 Hauptio
1465 3066 1904 3156 (παρωαίους)
1948 3069 2427 3135 restituendum
2468 3089 2612 3135 esse
2656 3093 2779 3155 pro

664 3179 966 3259 corrupto
1001 3171 1442 3262 παρουατίους
1472 3174 1645 3258 quod
1676 3173 2001 3257 praebent
2029 3171 2201 3253 libri,
2231 3173 2328 3237 ita
2352 3176 2427 3236 ut
2450 3172 2783 3256 significet

663 3285 798 3345 tres
846 3298 1039 3343 canes
1088 3278 1371 3344 colorem
1416 3276 1725 3343 habuisse
1771 3274 2063 3363 παρούου
2109 3275 2462 3358 serpentis,
2520 3275 2782 3344 scilicet

663 3379 1020 3447 subrufum.
1079 3381 1224 3446 Iam·
1244 3386 1462 3447 autem
1484 3384 1689 3447 restat
1710 3376 2019 3468 πηγούς.
2068 3381 2279 3462 Atque
2303 3380 2780 3460 quaerentibus

661 3484 850 3550 nobis
876 3483 1033 3568 quid
1059 3483 1382 3568 significet
1416 3484 1772 3551 scholiasta
1797 3483 2061 3568 quidem
2092 3480 2450 3566 respondet
2472 3480 2735 3563 λευκούς
2763 3504 2779 3519 ·

661 3586 773 3655 καὶ
791 3582 1073 3676 Ὅμηρος
1116 3584 1603 3675 πηγεσιμάλλῳ.
1694 3586 1821 3652 Sed
1868 3586 2030 3652 haec
2075 3583 2470 3651 scholiastae
2516 3591 2789 3653 senten-

661 3692 758 3758 tia
803 3697 987 3758 estne
1033 3690 1262 3757 eadem
1294 3689 1717 3756 Callimachi?
1785 3689 1927 3754 Hoc
1973 3688 2117 3754 sine
2163 3677 2362 3752 dubio
2412 3687 2780 3755 scholiasta

660 3796 803 3879 ipse
858 3795 1143 3876 nescivit,
1208 3797 1433 3879 itaque
1498 3794 1624 3860 hoc
1686 3793 1986 3876 neglecto
2054 3791 2387 3856 videamus
2455 3798 2780 3876 quantum

663 3897 1082 3981 proficiamus
1148 3899 1392 3964 nostris
1457 3898 1585 3984 ipsi
1649 3896 1908 3963 viribus.
2018 3894 2167 3960 Iam·¹
2202 3898 2463 3959 constat
2506 3895 2791 3963 Homeri.

659 4002 963 4068 vocabuli
995 3999 1205 4090 πηγός
1234 4000 1773 4086 significationem
1820 3998 2103 4082 antiquis
2149 3997 2596 4080 grammaticis
2643 4020 2778 4065 non

662 4105 859 4170 fuisse
922 4112 1144 4171 notam
1156 4128 1174 4190 ;
1239 4126 1389 4169 nam
1460 4103 1655 4169 variis
1721 4101 1928 4166 modis
2000 4099 2355 4165 studebant
2419 4101 2775 4185 explicare.
