2969 4832
1037 324 1409 381 ...9-

391 481 542 554 offla}
586 480 1101 577 σιωπηλὴν.οῗ3τ’
1152 478 1427 574 ὄὲψοφον
1472 476 1698 566 οὖλος
1741 483 2104 574 ἐθείραις

383 585 736 675 (Ἕσπερος,
784 582 924 655 ἀλλ’
974 585 1106 655 αἰεί
1148 613 1223 656 σε
1266 586 1675 675 καταβλέπει
1721 582 2134 677 ἆμφιβόητον

187 693 519 759 manifesto
564 693 832 758 Homeri
879 714 1067 758 usum
1116 695 1415 777 sequitur
1459 693 1576 776 qui
1625 691 1662 773 C
1707 700 1825 761 231
1878 692 2042 757 dicit

1454 788 1584 861 κὰδ
1627 792 1704 861 δὲ
1746 791 2029 883 κάρητος

298 989 303 996 .
411 890 638 979 οἷὲλας
682 885 797 989 ἧκε
841 896 1111 983 κόμας,
1159 894 1519 986 ὑακινθίνῳ
1565 891 1759 965 ἄνθει
1806 893 2061 983 ὁμοίας.

184 1003 530 1081 Quaeritur
573 1002 774 1085 igitur
827 1022 957 1085 quo
1014 1003 1208 1076 modo
1258 1002 1421 1069 Call.
1467 1002 1641 1068 hunc
1691 1002 1909 1068 locum
1963 1002 2286 1086 interpre-

183 1110 353 1170 tatus
430 1107 545 1188 sit;
620 1104 799 1188 quod
866 1110 940 1170 ut
1012 1105 1500 1189 intellegamus,
1576 1125 1842 1171 necesse
1910 1113 2012 1171 est
2085 1105 2283 1169 alium

182 1209 447 1274 Homeri
489 1209 704 1275 locum
751 1228 1082 1273 arcessere
1130 1209 1242 1292 qui
1289 1215 1392 1273 est
1436 1234 1480 1274 α
1525 1214 1651 1277 423
1694 1238 1781 1266 =
1818 1232 1860 1276 σ
1905 1216 2030 1276 306

322 1314 502 1378 τοῖσι
545 1309 621 1378 δὲ
665 1308 1129 1398 τερπομένοισι
1170 1308 1375 1396 μέλας
1418 1309 1539 1378 ἐπὶ
1585 1311 1869 1397 ἕσπερος
1912 1300 2134 1403 ἦλθεν,

179 1437 323 1480 nam
367 1415 569 1480 etiam
614 1414 722 1479 hic
764 1435 990 1479 versus
1036 1415 1177 1480 sine
1222 1414 1420 1480 dubio
1465 1414 1851 1482 Callimachi
1910 1416 2126 1479 animo
2174 1413 2288 1478 ob-

178 1523 473 1584 versatus
519 1522 651 1597 est,
705 1538 854 1582 cum
907 1517 1227 1584 scriberet
1280 1518 1341 1588 h.
1388 1518 1479 1583 IV
1524 1540 1579 1582 v,
1627 1525 1780 1598 302,
1839 1517 2017 1602 quod
2062 1517 2162 1583 vel
2209 1539 2289 1583 ex

178 1622 370 1687 simili
403 1642 624 1687 rerum
655 1620 1029 1687 conditione
1060 1621 1404 1688 conciciaS.
1473 1621 1576 1686 Ex
1619 1622 1724 1688 his
1768 1626 1988 1687 autem
2036 1620 2290 1686 duobus

175 1726 334 1791 locis
380 1724 782 1808 comparatis
828 1731 1107 1809 apparet
1137 1724 1611 1791 Callimachum
1655 1724 1934 1790 voluisse
1966 1719 2292 1811 Ἕσπερον

179 1818 363 1895 οὖλον
407 1823 708 1915 ἐθείραις
764 1848 908 1893 esse
969 1827 1567 1914 nigricomam.¹)
1657 1828 1805 1893 Non
1857 1828 2058 1912 igitur
2110 1816 2292 1892 οὖλον

175 1932 241 1996 in
296 1930 334 2013 C
379 1939 502 1999 231
551 1929 880 1995 intellexit
923 1929 1233 2015 crispum,
1281 1950 1676 2015 quamquam
1728 1930 2071 1996 Scheerius
2114 1951 2176 2013 p.
2214 1938 2292 1996 14

174 2040 240 2100 et
283 2034 633 2100 Passovius
680 2034 911 2100 dicunt
955 2033 1156 2118 crispi
1200 2035 1534 2100 notionem
1580 2034 1824 2116 habere
1878 2022 2067 2100 οὖλον
2112 2032 2292 2116 apud

177 2136 652 2218 Callimachum
718 2138 786 2203 in
853 2141 914 2204 h.
972 2137 1080 2204 IV.
1128 2144 1284 2215 3023
1351 2158 1505 2204 nam
1572 2137 1862 2221 vesperis
1928 2137 2098 2201 radii
2165 2157 2290 2201 non

175 2247 457 2325 possunt
500 2242 867 2326 comparari
913 2262 1061 2306 cum
1105 2241 1336 2325 crispis
1377 2240 1688 2320 crinibu8‚
1733 2261 1964 2323 neque,
2008 2244 2084 2304 ut
2127 2238 2295 2313 bene

175 2351 400 2409 monet
430 2344 864 2411 Doederlinus
909 2344 976 2408 in
1017 2344 1208 2409 Hom.
1255 2342 1451 2428 gloss
1496 2342 1578 2407 11.
1611 2365 1673 2427 p.
1704 2351 1788 2411 44
1834 2343 2034 2427 crispi
2079 2342 2290 2408 crines

172 2453 459 2534 possunt
501 2449 790 2533 pendere
819 2443 989 2514 κατὰ
1032 2444 1324 2536 κάρητος.
1394 2447 1833 2514 Callimachus
1862 2449 2064 2532 igitur
2094 2445 2294 2511 verba

171 2546 539 2640 ὑακινθίνῳ
584 2544 777 2618 ἷένθει
826 2545 1062 2636 ὁμοίας
1110 2550 1147 2632 ζ
1190 2559 1309 2620 231
1362 2550 1626 2617 rettulit
1668 2551 1754 2617 ad
1798 2551 2113 2632 colorem,
2162 2570 2294 2633 qua

174 2656 242 2719 in
290 2677 364 2720 re
412 2654 712 2740 plerique
763 2654 1174 2738 grammatici
1208 2676 1354 2719 cum
1387 2676 1463 2720 eo
1498 2656 1916 2721 consentiunt
1960 2654 2065 2737 (cf.
2096 2653 2293 2734 said..

177 2757 392 2835 Phot.,
438 2757 669 2822 Zonar.
719 2758 937 2841 1759),
1006 2779 1152 2823 cum
1197 2758 1501 2827 Eustath.
1551 2758 1815 2843 quidem
1873 2757 2101 2823 eadem
2148 2777 2293 2821 sen-

173 2860 395 2924 tentia
437 2881 501 2943 p.
553 2867 736 2940 1561,
801 2869 874 2928 13
919 2861 1207 2944 prolata:
1267 2861 1579 2946 μελαίνας
1619 2857 1787 2927 κατὰ
1830 2858 1944 2927 τὸν
1986 2854 2295 2926 ὑάκινθον

173 2955 249 3029 τὸ
309 2954 540 3045 ἶίνθος,
601 2964 757 3033 ibid.
808 2970 887 3031 18
942 2964 1130 3029 nobis
1191 2965 1468 3030 servarit
1528 2964 1723 3029 aliam
1784 2964 2182 3048 opinionem:
2254 2954 2293 3052 ἢ

172 3065 286 3133 καὶ
339 3059 551 3146 άλλως
595 3063 668 3133 οὗ
711 3059 879 3133 κατὰ
919 3064 1232 3152 μελανίαν
1276 3064 1319 3159 ἦ
1366 3059 1542 3156 πρὸς
1581 3061 1903 3133 ὑάκινθον
1942 3069 2062 3157 τῆς
2089 3062 2294 3158 κόμῃς

176 3163 527 3253 ὁμοίωσις,
596 3163 764 3236 ἀλλὰ
830 3163 999 3257 πρὸς
1051 3168 1127 3237 τὸ
1181 3158 1365 3238 οὖλον
1430 3164 1659 3261 αὐτῆς,
1726 3161 1920 3261 ἤγουν
1985 3167 2154 3257 πρὸς
2218 3161 2294 3234 τὸ

175 3265 577 3359 οὖλότριχον.

356 3376 563 3454 Quam
619 3382 841 3443 autem
900 3377 1447 3462 significationem
1504 3375 1694 3443 Call..
1730 3376 2045 3443 vocabulo
2114 3365 2297 3454 οὖλος

175 3479 612 3545 vindicaverit
654 3480 724 3544 in
768 3481 957 3565 frgm.
1011 3489 1130 3548 140

1305 3576 1484 3672 ἆμφί
1525 3606 1599 3648 τε
1644 3579 1876 3674 κεβλήν

518 3681 845 3774 εἶργμένος
888 3679 1189 3775 άγλίθων
1235 3676 1419 3753 οὖλον
1461 3683 1593 3769 ἔχει
1643 3686 1966 3776 στέφανον

323 3946 365 4009 ¹)
404 3942 774 3999 Simillimum
811 3943 1279 4016 interpretationis
1314 3944 1635 4015 exemplum
1671 3946 1856 3999 exstat
1887 3943 1947 3996 in
1982 3941 2143 4012 frgm.
2171 3942 2296 4009 290,

179 4028 282 4084 ubi
320 4029 464 4085 Call.
504 4029 570 4083 B.
606 4031 711 4086 825
744 4027 897 4100 ὕδωρ
928 4031 1140 4100 μέλαν
1175 4030 1458 4098 Αἰσήποιο
1495 4029 1678 4085 reddit
1712 4046 1811 4100 per
1846 4028 2105 4094 Αἴσηπον
2141 4031 2292 4097 byses,

179 4113 619 4169 ἑλικώτατον
653 4114 815 4189 ὕδωρ.
886 4115 957 4172 cf.
992 4133 1137 4188 quae
1170 4116 1314 4171 infra
1350 4116 1467 4171 dixi
1504 4133 1550 4170 a.
1588 4115 1643 4170 h.
1681 4115 1717 4171 l.
